1907 3101
318 151 404 197 IN
455 151 555 196 DE
608 149 851 195 SYRIA
898 151 1073 198 ΒΕΑ.
1244 156 1335 220 387

75 237 203 293 spiritu
219 272 228 288 ‚
242 242 427 293 μκὸεμίην
455 243 538 295 ὥρην
557 243 666 296 ἔχειν
690 242 998 295 &praesumam
1018 248 1146 286 nullam
1167 262 1339 300 raptarum

73 309 188 334 curam
205 297 334 336 habere.
352 298 460 335 Adde
477 298 658 336 Nostrum
675 296 784 348 supra
806 300 850 336 de
867 299 1006 339 Astrol.
1023 314 1053 339 c.
1071 316 1131 342 27.
1146 301 1284 341 REITz.

130 349 220 400 Pag.
239 363 321 400 ¹03·
340 350 363 388 l.
380 350 413 388 8.
432 350 637 399 'Effrsse‘ffioeo
653 350 669 403 )
690 351 960 403 Ἐπιὲεξεσὲαι
985 367 1056 406 pro
1071 355 1338 408 ἑόνιὸείξεσὲᾶοιι

70 399 245 441 Ionicum
264 403 358 447 effe,
377 418 414 441 v.
429 405 474 442 ad
489 417 521 442 c.
543 418 574 442 1.
590 405 736 443 Rerrz.

127 459 201 494 ead.
220 455 242 494 l.
258 470 316 502 ιβ.
336 457 511 509 Aiacem)
526 458 715 496 Ἐλίσσετο
728 488 739 505 ,
758 466 802 496 ut
815 457 939 510 supra.
956 458 1124 499 GUYET.
1145 461 1217 501 Etsi
1234 464 1270 501 in
1284 476 1339 502 ta-

72 507 172 547 libus
185 519 313 547 amant
332 511 443 549 etiam
471 511 584 550 lones
609 524 880 563 augmentum,
906 514 995 550 nihil
1019 525 1141 553 tamen
1167 519 1338 566 mutavi,

73 563 163 614 quia
184 563 223 601 δι
238 563 287 602 {ic
304 576 334 602 c.
352 578 399 602 22
416 565 511 603 med.
529 567 679 603 λίσσετό
694 579 738 603 τε
756 566 820 603 καὶ
837 563 975 618 γούνων
991 567 1066 606 διε.
1082 567 1198 607 Poffis
1211 582 1340 610 tamen

70 616 282 663 coniicere,
298 629 546 669 augmentum
565 632 585 656 a
607 618 787 657 scribente
801 618 995 670 omilium,
1018 622 1107 672 quia
1128 622 1176 660 ab
1199 626 1340 663 meian-

72 679 111 707 te
126 670 178 707 ob
193 671 367 709 vocalem
384 673 670 722 praecedentem
692 671 912 724 absorptum
927 684 1025 711 erat:
1046 687 1130 712 nam
1150 689 1236 714 cum
1252 691 1337 728 cap.

78 722 124 762 18
147 737 201 774 pr.
225 724 334 776 plane
355 725 456 777 legas
476 722 617 764 αὐτίκα
643 725 839 772 ἑλίσσετο,
858 726 1035 765 credibile
1052 728 1126 775 est,
1144 729 1182 767 ὃ(
1201 733 1261 769 liic
1285 733 1336 771 ita

73 776 207 816 dediffe
229 777 438 817 aufilorem.
454 778 523 818 Sed
540 792 626 818 cum
644 779 680 817 δι
705 792 796 816 mox
819 778 909 830 χριῖν
929 793 1001 832 pro
1025 780 1148 833 ἐχρῆν,
1173 784 1272 824 reete
1296 785 1338 825 δε

75 830 234 880 usitate,
257 832 349 870 nihil
372 831 457 870 saris
471 834 563 871 certi
580 834 732 871 statuas.
750 832 892 872 Rmz.

79 885 220 978 GPag.
241 898 325 934 104.
346 885 370 923 l.
392 899 423 938 5.
440 888 588 926 Ταύτης
613 886 711 939 τῆς)
736 885 1048 926 subaudiendum
1071 888 1223 929 videtur
1247 889 1340 931 ἔδει.

122 949 248 977 υΥΕΤ.

129 996 201 1031 ead.
216 993 240 1030 l.
259 1006 294 1044 9.
318 991 426 1043 Χριῖν)
441 992 515 1032 Pro
538 992 666 1045 ἐχρῆν,
691 992 802 1032 reete.
820 993 1081 1041 Herodvn,
1106 1008 1183 1045 440
1204 996 1249 1036 C.
1276 998 1337 1038 Ne

78 1045 201 1098 plura,
216 1059 301 1085 nani
318 1057 455 1097 urgent
467 1059 632 1098 operae3
646 1049 774 1099 itaque
791 1049 1071 1098 properandum
1086 1052 1149 1088 est.
1166 1051 1309 1092 Rerrz.

129 1103 200 1139 ead.
217 1100 242 1137 l.
262 1113 318 1152 13.
333 1099 489 1151 Τρωῦμιι
504 1103 518 1141 δ
534 1101 617 1151 Ego
631 1101 760 1153 τρῶμα.
777 1113 908 1139 verum
927 1103 1051 1141 credo.
1068 1103 1131 1142 Sic
1149 1106 1332 1154 τρῶμα-τοι

75 1153 321 1200 Herodot.1‚
337 1167 371 1205 ρ.
389 1153 409 1191 8
427 1155 476 1192 A.
491 1156 547 1192 ed.
560 1156 689 1207 Steph.
707 1156 749 1193 Et
768 1155 955 1206 Hippocr.
971 1156 1016 1193 de
1032 1157 1154 1195 morb.
1172 1157 1210 1205 Ι,
1229 1173 1263 1209 ρ.
1281 1173 1333 1199 ni.

78 1221 97 1259 3
118 1207 156 1246 δι
174 1222 198 1256 4
213 1217 283 1254 ter,
297 1221 340 1247 ac
360 1207 470 1259 saepe
488 1208 628 1247 deinde.
644 1211 814 1260 Τρώμοισι
832 1208 938 1246 Aret.
956 1208 1076 1261 Capp.
1096 1223 1178 1262 pag.
1198 1225 1210 1249 1
1227 1225 1267 1264 ¹3
1286 1227 1336 1251 m.

77 1261 250 1311 ’τρώματι
264 1275 299 1314 p.
315 1261 362 1312 85
378 1263 426 1300 A.
444 1262 482 1300 &
500 1262 652 1314 ubique.
672 1262 744 1301 Sed
756 1274 844 1300 cuin
862 1264 899 1299 {St
915 1262 999 1300 alibi
1015 1277 1064 1300 ow
1080 1264 1198 1301 eidem
1213 1265 1255 1303 sit
1270 1282 1335 1312 ωυ,

76 1327 120 1353 ut
133 1316 350 1362 Ξιωϋμοιστᾰ
369 1327 450 1368 pag.
473 1328 507 1361 1,
526 1316 565 1354 δι
583 1316 760 1355 sexcenta
782 1315 932 1364 similia,
957 1315 1156 1369 vulgatum
1180 1330 1259 1357 non
1283 1330 1338 1359 te-

76 1369 105 1406 ti
135 1368 156 1406 i.
174 1368 321 1407 Rmz.

109 1381 206 1460 gead.
221 1422 245 1460 l.
264 1435 318 1470 15·
335 1419 516 1474 Βασιλῆα)
531 1422 621 1460 Hoc
637 1435 773 1461 verum
794 1421 889 1467 effe,
905 1421 974 1460 vid.
999 1435 1059 1474 ap.
1085 1424 1273 1465 Herodot.
1297 1424 1334 1474 Ι,

76 1488 114 1528 p.
135 1489 148 1513 1
167 1476 212 1515 C.
229 1490 266 1528 p.
284 1489 304 1513 2
317 1476 367 1515 A.
383 1477 422 1514 δι
438 1476 479 1514 Β.
495 1481 531 1514 ὅ(
547 1474 749 1515 sexcenties
765 1475 909 1515 deinde.
926 1477 1073 1515 RfflTz.

89 1543 94 1546 ·
133 1529 222 1583 Pag.
244 1541 325 1581 105.
339 1529 364 1568 l.
382 1544 414 1568 1.
428 1530 652 1581 Ἀπεκέειτο)
670 1529 744 1568 Etsi
760 1532 937 1568 ἀπικὲετο
952 1530 1063 1581 supra
1076 1529 1256 1582 frequens
1268 1561 1278 1577 ‚
1296 1532 1338 1573 δε

78 1583 205 1628 reete,
228 1583 264 1620 in
282 1584 354 1622 hoc
375 1595 501 1622 tamen
527 1584 648 1621 verbo
669 1584 887 1622 terminatio
907 1597 996 1622 εατο
1018 1584 1148 1633 proba.
1164 1584 1224 1624 Sic
1244 1586 1338 1626 ’Aen—

80 1637 172 1675 ναῖοι
189 1636 377 1676 ἐπεκέατο
395 1636 583 1676 Herodot.
597 1635 672 1684 1X,
691 1651 760 1688 592
782 1635 806 1675 f.
830 1635 899 1675 Sed
922 1649 991 1676 nec
1012 1638 1047 1675 in
1072 1638 1193 1676 altero
1210 1640 1336 1679 verbo

82 1690 278 1742 improba:
300 1703 386 1729 nam
408 1691 447 1729 δι
472 1690 666 1728 ἀπικέατο
693 1686 803 1729 αὐτοὶ
826 1690 902 1736 ΙΧ,
920 1703 991 1742 590
1005 1690 1027 1728 f.
1045 1692 1085 1730 &
1104 1691 1179 1735 Vl,
1200 1691 1273 1744 386
1289 1692 1338 1733 C.

78 1743 348 1796 Περιεκαθέατο
364 1743 420 1783 VI
433 1775 444 1792 ‚
463 1743 536 1796 388
551 1743 598 1784 C.
617 1743 900 1795 Περιβαλλὲατο
918 1746 992 1795 389
1007 1743 1051 1782 C.
1066 1744 1209 1783 REITZ.

133 1800 210 1836 ead.
223 1799 248 1837 l.
265 1810 296 1849 3.
308 1797 466 1850 Ἔχειν)
480 1797 617 1836 Infinit.
631 1797 691 1836 ille
705 1810 776 1850 pro
791 1798 1034 1846 imperativo,
1050 1810 1093 1836 ut
1105 1799 1243 1838 Atticis
1255 1812 1340 1838 non

82 1851 302 1898 inusitatus,
321 1851 437 1904 (vide
463 1852 579 1891 modo
598 1849 708 1902 supra
727 1851 810 1902 plus
829 1851 950 1889 decies
966 1850 1128 1890 Cronos.
1146 1866 1166 1890 :i
1181 1865 1213 1891 c.
1232 1865 1273 1901 13
1293 1853 1339 1891 ad

83 1905 161 1957 20)
184 1907 232 1943 ita
255 1905 411 1944 Ionibus
424 1904 695 1956 perfamiliaris.
708 1906 740 1943 V
751 1906 809 1943 ide
821 1907 936 1942 etiam
954 1905 1035 1956 plus
1049 1905 1170 1944 decies
1189 1906 1237 1944 ira
1253 1906 1342 1945 scri—

83 1959 234 1997 bentem
252 1960 438 2010 Hippocr.
452 1959 491 2006 Ι,
504 1959 652 2010 Aphor.
674 1972 718 2010 ¹9
730 1987 742 2005 ‚
757 1970 829 2003 20,
842 1972 862 1996 2
873 1971 905 2003 1,
920 1972 984 2006 22,
997 1972 1059 2010 23,
1075 1959 1293 2006 24R51Tz.

140 2015 213 2052 ead.
224 2013 248 2051 l.
268 2025 298 2063 5.
316 2007 448 2064 Αὖτις)
463 2013 608 2064 Recepi
623 2025 672 2051 ex
687 2011 876 2050 Herodoti
897 2024 1006 2050 more
1018 2043 1030 2057 ‚
1048 2025 1279 2064 quamquam
1300 2014 1342 2052 δι

83 2062 189 2106 αὖθις
203 2066 342 2105 editum
363 2067 400 2105 in
414 2067 603 2119 Hippocr.
627 2066 644 2105 Ι
662 2066 707 2105 de
729 2066 853 2104 morb.
875 2066 899 2118 9'
922 2079 977 2117 pr.
1002 2066 1042 2104 &
1065 2065 1161 2104 infra
1184 2079 1267 2119 cap.
1290 2067 1342 2107 26

87 2121 129 2160 ἃ
146 2135 167 2159 2
199 2151 207 2159 .
231 2120 372 2159 Rmz.

141 2134 212 2213 εαῖἰ.
226 2174 249 2212 l.
263 2164 388 2226 7ῘΩν)
398 2172 473 2212 Pro
486 2168 541 2212 οὖν
553 2172 686 2212 millies
700 2173 800 2224 apud
813 2171 970 2225 quosvis
984 2171 1095 2211 Iones
1107 2172 1146 2211 ἃ
1157 2171 1343 2212 Nostrum

87 2225 201 2279 supra
214 2228 259 2266 de
269 2226 463 2279 Astrolog.
479 2227 688 2278 aliquoties.
703 2227 811 2265 Adde
824 2239 914 2265 mox
929 2239 961 2264 c.
976 2238 1037 2270 22,
1052 2226 1208 2265 ἐπινοέει
1227 2221 1287 2281 {Bm
1301 2226 1343 2265 δε

87 2279 202 2332 supra
216 2294 293 2320 non
307 2280 431 2320 semel.
445 2281 526 2319 Nec
544 2280 687 2328 obstat,
708 2281 812 2332 quod
824 2281 864 2318 in
885 2280 1069 2331 Hippocr.
1087 2279 1193 2331 saepe
1212 2282 1268 2317 οὖν
1285 2280 1344 2317 le·-

90 2347 246 2385 gamus,
269 2346 312 2373 ut
333 2334 350 2372 Ι
371 2335 416 2373 de
432 2334 560 2374 Morb.
586 2348 620 2386 p.
635 2348 682 2386 9,
707 2348 744 2372 v.
770 2334 805 2372 8.
824 2333 919 2372 Item
945 2332 982 2379 1,
1006 2332 1110 2383 Aph.
1127 2347 1144 2384 3
1162 2333 1230 2372 bis.
1251 2333 1342 2372 lbid.

89 2388 192 2439 Aph.
218 2401 233 2438 5
255 2401 298 2427 ac
324 2401 380 2426 10.
403 2388 492 2426 Non
515 2388 702 2433 dicerem,
722 2386 788 2426 nisi
809 2388 972 2427 varietas
993 2396 1189 2435 moneret,
1212 2386 1346 2439 vulgae·

90 2450 173 2480 tum
187 2442 246 2481 hic
259 2442 432 2496 probare.
450 2442 596 2481 Rmz.
973 2491 1004 2530 B
1025 2491 1048 2529 b

1080 2505 1099 2530 2,
