1907 3101
579 176 671 237 564
789 169 877 218 DE
911 168 1167 216 AETATE
1200 168 1284 216 ET
1318 168 1625 217 AUCTORE

571 260 779 309 cled-aus,
806 260 897 300 illud
924 259 1076 321 insuper
1101 270 1260 307 monet,
1287 273 1388 312 quae
1408 260 1455 301 de
1478 261 1669 302 malorum
1692 260 1848 324 praedi-⁴

572 315 765 355 &ionibus
797 314 1002 354 dicantur
994 327 1032 352 m
1063 313 1345 367 Philopatride‚
1376 314 1438 354 illa
1462 317 1635 368 apprime
1658 317 1773 355 etiam
1798 317 1837 355 in

572 368 669 409 Divi
692 368 813 408 Marci
833 379 1010 420 tempora
1031 369 1254 407 convenire.
1280 367 1369 408 Huc
1383 369 1485 407 enim
1508 371 1718 422 pertinere,
1735 382 1838 422 quae

564 421 737 463 'SEXTUS
756 424 979 462 AURELlus
996 423 1171 461 Vlc‘roR
1190 421 1332 460 habet
1324 435 1364 460 m
1382 423 1577 484 epitome.
1599 423 1746 463 Marcus
1758 427 1838 462 An-

572 477 710 516 tostinus
733 478 898 515 virtutum
911 477 1059 515 omnium
1080 475 1311 528 coeleflifiyue
1298 477 1421 527 ingenii
1441 478 1586 529 exstitit,
1604 477 1836 530 aerumnisque

568 532 716 584 publicis
741 533 840 583 quast
862 529 1012 582 defensor
1030 530 1174 568 obieflus
1195 531 1249 582 est.
1277 531 1415 568 Etenim
1437 531 1504 582 ntfi
1525 533 1573 569 ad
1599 532 1663 570 illa
1687 544 1837 582 tempora

572 597 677 626 natus
696 585 794 638 effer,
825 584 971 639 profesto
998 585 1096 636 quast
1122 598 1191 622 uno
1212 582 1315 644 lapsu
1337 583 1477 635 rutſjent
1499 585 1611 623 omnia
1627 587 1741 638 status
1761 588 1836 624 Ro·

573 640 677 678 mani.
701 640 836 692 Quippe
850 638 893 677 ab
913 637 1015 676 armis
1030 637 1196 689 nusquam
1215 639 1309 689 quies
1331 650 1425 677 erat:
1442 654 1562 691 perque
1577 652 1703 677 omnem
1718 639 1838 679 Orien-

572 706 660 740 tem,
683 693 883 755 Illyricum,
908 692 1069 738 Italiam,
1090 691 1308 743 Gzlliamque
1328 691 1415 729 bella
1423 691 1626 743 fervebant:
1649 703 1753 731 terrae
1769 709 1839 732 mo-

572 760 632 786 tus
651 763 718 785 non
732 749 807 799 fine
829 748 965 785 interitu
985 745 1187 791 civitatum,
1213 744 1453 784 inundationes
1462 746 1664 797 fluminum,
1687 747 1757 784 lues
1769 762 1838 785 cre-

572 803 671 848 brae,
695 802 897 851 locustarum
919 799 1048 852 species
1074 799 1167 850 agris
1191 797 1350 850 infestae,
1371 800 1513 850 prorsus
1534 812 1573 838 ut
1589 815 1695 853 prope
1724 801 1838 846 nihil,

574 870 641 908 quo
667 855 813 906 summis
842 854 1027 905 angoribus
1055 852 1154 891 atteri
1185 853 1341 891 mortales
1359 852 1492 904 solent,
1523 855 1590 893 dici
1605 855 1669 906 seu
1695 854 1838 906 cogitari

574 921 699 962 queat,
726 911 818 960 quod
831 924 899 947 non
920 909 979 945 illo
1005 908 1186 957 imperante
1195 905 1367 957 saevierit.
1392 907 1544 960 Nempe
1566 908 1658 947 haec
1679 906 1752 946 effe
1775 908 1840 947 illa

574 962 697 1010 mala,
717 975 738 1000 a
753 961 960 1014 Sophistis‚
981 971 1022 999 ut
1038 960 1173 999 auem-
1185 960 1350 1013 appellat
1363 957 1616 1008 Christianos,
1636 961 1839 1013 praedieka.

629 1017 681 1056 V.
705 1015 791 1066 Qui
812 1015 1068 1076 antiquiorem
1083 1013 1229 1053 faciunt
1248 1013 1446 1061 Luciano,
1465 1016 1501 1053 in
1521 1015 1668 1055 diversa
1685 1015 1840 1055 abeunt.

575 1069 639 1110 Est
653 1070 778 1116 enim,
799 1070 866 1122 qui
886 1070 938 1107 ita
958 1078 1065 1121 putet
1078 1068 1250 1107 Luciano
1271 1069 1455 1107 maiorem
1475 1068 1754 1122 philopatridos
1775 1082 1840 1122 pa·

575 1134 747 1170 rentem,
769 1133 812 1162 ut
838 1122 960 1175 ipsum
982 1122 1180 1161 Neronem
1210 1132 1333 1161 aetate
1363 1122 1490 1162 credat
1517 1122 1689 1176 attigisse.
1717 1123 1842 1162 Nimi-

575 1192 664 1218 rum
683 1177 964 1217 THEODORUS
992 1176 1266 1221 MARcles‚
1296 1176 1467 1226 Superdae
1490 1190 1600 1216 autem
1625 1177 1762 1239 prorfits
1789 1178 1840 1215 illi

570 1232 678 1285 funt,
704 1232 828 1283 inquit
841 1260 851 1278 ‚
869 1231 925 1284 qui
941 1242 1074 1283 propter
1084 1246 1123 1268 ea
1134 1258 1144 1276 ,
1165 1244 1250 1282 quae
1268 1228 1304 1268 in
1321 1243 1466 1269 extremo
1482 1232 1617 1282 dialogo
1639 1231 1698 1284 isto
1716 1233 1755 1269 de
1766 1231 1842 1269 Ba-

577 1286 752 1338 byloniis‚
773 1285 973 1338 Aegyptiis,
1000 1285 1094 1335 Pers
1078 1299 1123 1331 s,
1142 1283 1300 1335 Scythis,
1318 1285 1418 1323 verba
1428 1286 1545 1335 fiunt,
1569 1285 1704 1336 huiusce
1721 1287 1755 1323 di
1783 1299 1842 1324 or-

577 1342 644 1392 tiff
644 1340 688 1379 mi
705 1339 823 1390 foetus
841 1351 1009 1390 parentem
1029 1339 1080 1376 ad
1095 1351 1241 1390 tempora
1268 1337 1482 1389 Imperatoris
1510 1339 1650 1378 Traiani
1668 1338 1841 1401 referunt?

579 1409 653 1433 cum
677 1409 716 1431 ea
742 1394 851 1444 magis
873 1394 908 1432 in
931 1393 1084 1431 Neronis
1104 1403 1166 1429 aut
1183 1391 1281 1430 etiam
1301 1392 1436 1430 claudii
1455 1393 1615 1444 pertinere
1634 1392 1750 1446 p0ffi‚
1769 1393 1842 1454 qui·

578 1448 633 1486 vis
654 1446 764 1498 filcile
796 1447 878 1485 lolio
907 1461 975 1485 non
1004 1447 1162 1485 vitlitans
1188 1445 1379 1507 perviderit:
1413 1447 1524 1485 Plane
1548 1447 1701 1499 quidem,
1726 1445 1841 1499 quiqui

579 1513 649 1540 tzm
670 1502 746 1538 belli
769 1500 867 1551 pueri
886 1514 985 1553 pater
1005 1502 1071 1553 est,
1100 1499 1249 1538 Neronis
1268 1500 1461 1552 principatu
1484 1515 1557 1539 eum
1576 1500 1734 1552 suscepit.
1761 1501 1841 1539 Mi-

574 1567 631 1605 cy
636 1554 727 1593 llum
756 1554 907 1593 videtur
939 1564 1101 1601 notare,
1130 1553 1198 1604 qui
1227 1553 1397 1592 Traiano
1427 1555 1637 1606 imperante
1657 1553 1840 1607 scriptum

548 1631 550 1633 -
577 1569 652 1649 eiyse
677 1607 912 1657 philopatrin
935 1608 1106 1660 putabat.
1127 1606 1199 1645 Sed
1221 1606 1334 1660 ipfius
1354 1608 1473 1646 verba
1495 1620 1640 1660 ponere
1660 1621 1707 1647 ex
1729 1621 1842 1661 argu-

577 1673 712 1702 mento
730 1661 871 1714 dialogi
893 1662 940 1700 ab
967 1661 1046 1713 ipso
1063 1661 1256 1714 quondam
1275 1660 1471 1707 converfi,
1492 1641 1840 1702 commodiffimum

575 1716 706 1756 fuerit.
735 1716 922 1754 Lucianine
936 1718 985 1766 fit
1008 1716 1186 1766 Dialogus
1207 1717 1284 1762 hic,
1311 1731 1357 1753 an
1381 1716 1519 1754 alterius
1543 1716 1682 1767 cuiuspi
1684 1732 1752 1764 ῑ,ιιι
1773 1718 1841 1755 du-

578 1772 681 1808 bitari
702 1771 819 1831 potesi.
839 1771 935 1807 Nam
952 1772 1044 1822 quod
1060 1771 1110 1807 ad
1124 1781 1352 1830 argumentum
1368 1770 1505 1815 attinet,
1529 1784 1598 1808 nott
1620 1771 1774 1809 abhorret
1793 1771 1838 1809 ab

577 1824 672 1862 illius
697 1824 829 1876 ingenio
858 1823 892 1861 δ’
912 1823 1098 1862 dicacitate.
1129 1823 1264 1861 Pariter
1288 1824 1373 1861 enirn
1401 1823 1436 1861 δ’
1461 1823 1635 1875 gentilium
1663 1826 1783 1871 Deos,
1803 1824 1839 1863 δ’

581 1878 803 1930 Christianam
823 1878 1029 1930 religionem,
1052 1890 1091 1915 ut
1101 1875 1203 1927 saepe
1224 1878 1315 1915 alias
1328 1905 1340 1922 ‚
1366 1877 1517 1929 inceſjere
1531 1878 1671 1915 videtur.
1697 1875 1840 1929 Phrafis

578 1945 712 1977 autem,
731 1932 765 1968 6·
780 1943 852 1970 tota
869 1934 952 1969 adeo
970 1931 1138 1983 compos
1099 1942 1159 1968 tto
1181 1931 1294 1968 ceteris
1311 1930 1406 1969 illius
1418 1931 1556 1984 scriptis
1573 1931 1837 1984 haudquaquam

570 1986 695 2037 fimilis
718 1988 771 2038 est.
798 1987 892 2024 Nam
911 1985 1064 2037 quorsum
1080 1984 1223 2037 pertinet
1240 1986 1399 2036 excurfits
1422 1986 1502 2038 iste,
1526 1985 1650 2036 reliquo
1665 1999 1768 2037 prope
1786 1997 1839 2023 to·

576 2052 613 2078 10
640 2054 773 2091 corpore
803 2040 964 2090 longior?
993 2040 1072 2077 Aut
1098 2038 1181 2090 quid
1200 2041 1282 2077 adeo
1307 2042 1435 2089 grande
1464 2051 1527 2077 aut
1550 2037 1760 2091 affeeluosum
1779 2038 1838 2090 se-

576 2094 708 2146 quitur,
732 2095 824 2145 quod
850 2094 994 2144 Tragico
1022 2093 1072 2144 isti
1091 2092 1227 2131 exordio
1242 2093 1451 2144 respondeat.
1449 2094 1466 2120 Ρ
1488 2093 1557 2131 Sed
1575 2095 1615 2131 de
1638 2093 1692 2131 his
1715 2094 1838 2132 doHio·

576 2163 627 2185 res
658 2148 814 2186 iudicent.
847 2148 993 2185 ceterum
1020 2147 1244 2198 cuiuscunque
1258 2147 1424 2197 seriptum
1449 2147 1511 2185 Ιιοι·
1526 2146 1621 2197 fuit,
1644 2147 1777 2186 videtur
1806 2147 1839 2184 is

582 2202 733 2240 Traiano
764 2200 901 2251 Caesari
925 2202 965 2240 ob
985 2201 1156 2240 viHoriam
1177 2201 1212 2238 in
1237 2201 1370 2239 Oriente
1389 2213 1526 2252 partam
1542 2202 1744 2253 potiffi'mum
1759 2215 1839 2253 gra-

576 2255 682 2293 tulari
702 2255 864 2305 volume,
889 2268 1006 2293 contra
1032 2269 1101 2303 eos,
1121 2254 1178 2307 qui
1196 2268 1257 2306 per
1277 2255 1316 2293 id
1332 2266 1461 2304 tempus
1479 2256 1546 2303 five
1566 2254 1634 2305 ipfi
1649 2254 1722 2293 urbi
1736 2255 1838 2304 ‚sive

575 2309 674 2347 alteri
702 2309 806 2347 alicui
833 2309 931 2354 loco,
968 2309 1076 2361 (nam
1100 2309 1250 2361 patriam
1288 2319 1300 2340 ¹
1330 2308 1443 2369 solum
1473 2307 1598 2360 vocat)
1627 2308 1775 2360 pericula
1801 2307 1837 2345 6¹

577 2364 689 2402 clades
712 2362 990 2414 praesagiebant:
1016 2378 1099 2415 quos
1125 2362 1192 2414 ipse
1219 2378 1242 2400 a
1264 2362 1430 2414 principio
1456 2362 1635 2412 Sophistas
1661 2362 1811 2414 appellat
1825 2390 1838 2408 ‚

575 2420 624 2456 ad
635 2418 741 2467 finem
759 2430 870 2454 ιιιηειι
889 2417 939 2453 ita
960 2418 1136 2466 describit,
1162 2428 1202 2454 ut
1224 2419 1460 2468 propemodum
1483 2416 1688 2466 Christianos
1713 2414 1838 2454 intelli-

620 2491 631 2511 1
668 2479 758 2519 Quin
790 2478 879 2511 urbis
902 2479 974 2512 κατ’
993 2478 1101 2521 ἐξοχην
1129 2487 1252 2513 menno
1275 2476 1348 2511 fieri
1366 2476 1499 2512 videtur
1516 2487 1545 2511 c.
1564 2487 1617 2520 ¹9·
