1907 3101
27 202 29 283 i

387 166 1071 215 INNERONEM.
1271 181 1359 231 557

98 252 305 310 ⁴Racunque
336 256 422 303 iila,
448 270 495 296 ex
526 257 671 311 paginis
695 257 781 295 libri
816 256 891 294 mci
926 255 1124 294 fimbriatis
1157 254 1245 293 olim
1281 257 1366 295 {iiio

104 312 237 350 aetatis
262 324 367 351 meae
395 324 519 352 verno
535 343 547 361 ,
569 323 673 350 nunc
702 313 808 362 παρὰ,
833 310 901 350 τὴν
932 309 1142 361 ὁδοιπορίαν
1174 310 1362 362 exscripti.

104 364 293 404 MARCIL.

161 419 253 470 Pag.
275 431 360 471 300.
378 420 399 457 l.
417 433 450 471 3.
468 417 583 458 Μόνου
604 415 695 471 τοῦ)
726 417 825 470 Lege
849 417 955 467 μόνον
975 415 1052 455 τοῦ.
1074 416 1244 455 GUYET.
1275 417 1366 456 Non

102 470 293 524 displicet,
314 471 380 511 etsi
401 472 440 511 &
460 471 657 524 vulgatum
678 470 823 510 defendi
850 470 984 523 potest.
1008 470 1154 509 REITz.

159 528 233 564 ead.
248 526 272 564 l.
285 540 321 574 4.
337 525 494 576 Μιμοῖτο
507 525 594 565 τοὺς
612 524 841 577 κρείττονας)
853 524 1073 576 Apollinem
1091 524 1208 563 videri
1223 523 1369 564 voluis-

105 577 142 618 se
164 579 360 618 Neronem
388 581 603 631 loquuntur
629 579 803 617 historiae
819 608 829 623 ‚
853 578 894 617 δε
923 577 1160 616 numismata.
1186 578 1312 617 GEsN.

159 635 232 673 ead.
247 634 270 672 l.
292 633 504 683 ι4.Ὥο-πες
524 632 552 672 οἱ
569 630 897 680 ὑποπαλαίοντες)
921 631 1030 683 Quid
1048 631 1091 669 fit
1115 629 1371 671 ὑποπαλαίειν

107 684 242 725 doceat
259 685 445 726 Plutarchi
464 685 688 738 Periphrasis
707 687 752 725 de
771 685 874 725 discr.
890 685 1014 725 Amici
1036 697 1120 737 pag.
1144 684 1189 733 58
1214 685 1254 724 F.
1274 686 1300 724 οί
1326 687 1372 725 «Ῡὲ

106 737 268 779 κόλακες
291 742 355 779 τον
381 740 557 779 πλούσιον
573 762 617 769 —-
633 740 884 787 ἀποφαίνουσι
913 739 1114 790 ῥωμαλέον,
1138 737 1373 779 ὑποπίπτον-

107 806 174 832 τες
197 793 231 833 ἐν
254 793 305 843 τῷ
324 792 517 832 παλαίειν.
539 792 585 832 Et
598 815 642 822 —
657 792 854 832 κολακεύει
873 815 917 823 -
937 793 953 831 ὁ
972 794 1246 845 προσπαλαίων
1274 789 1372 833 ὑπο-

107 847 439 897 κατακλινόμενος.
466 846 594 887 GESN.

163 902 236 939 ead.
262 901 286 939 l.
320 914 377 951 15.
408 903 473 939 Τὸν
495 898 563 940 τῆς
591 913 709 953 τραγ.
738 897 804 941 ὑπ.
830 895 878 940 ὣς
903 898 1068 951 ’Io-3125)
1093 899 1185 939 Vid.
1205 899 1302 940 Plut.
1333 901 1371 940 in

110 952 314 993 Flaminio.
340 954 499 997 somn.

164 1007 255 1059 Pag.
274 1020 362 1060 30¹·
390 1009 413 1046 l.
432 1008 469 1047 6.
489 1004 638 1057 Ἰσθμοῖ
652 1007 731 1060 γὰρ
750 1006 858 1058 νόμου
876 1007 1002 1060 κειμ.)
1029 1006 1198 1047 Muficos
1227 1021 1374 1060 agonas

109 1071 159 1100 ex
174 1059 335 1100 Isthmiis
360 1070 448 1100 ante
462 1059 665 1106 exsulaffe‚
687 1061 772 1101 hinc
791 1060 1014 1100 observarat
1028 1060 1288 1101 Casaubonus.
1310 1063 1376 1113 (ad

112 1114 237 1166 Suet.)
255 1114 506 1166 spanhemius
531 1114 577 1153 de
599 1113 770 1154 Comicis
790 1114 1041 1167 Tragicisque
1061 1114 1156 1154 ludis
1177 1117 1374 1163 concedit,

112 1168 160 1207 de
182 1167 333 1207 muficis
347 1197 358 1215 ‚
379 1181 477 1220 quae
493 1180 571 1207 non
592 1168 855 1217 nominantur,
875 1181 955 1207 non
981 1169 1089 1215 item;
1107 1167 1123 1220 (
1139 1169 1204 1221 Ep.
1221 1170 1265 1208 ad
1289 1169 1377 1209 Mo-

114 1221 194 1261 rell.
221 1221 261 1267 1,
283 1234 366 1274 pag.
392 1221 472 1274 4¹)
495 1221 744 1273 adducitque,
773 1234 815 1260 ut
838 1220 945 1261 suam
968 1221 1187 1261 sententiam
1218 1221 1347 1262 fulciat
1363 1253 1375 1268 ,

113 1274 381 1316 Philostratum
405 1275 475 1315 vit.
497 1274 629 1328 Apoll.
649 1275 717 1313 lm.
739 1275 813 1323 IV,
839 1288 900 1323 24.
928 1275 1004 1314 Cui
1029 1275 1119 1314 loco
1140 1275 1377 1317 doffiffimus

115 1328 305 1381 interpres
332 1329 416 1368 addi
444 1329 548 1368 iubet
572 1328 612 1367 δι
638 1327 758 1375 VIll,
788 1327 856 1374 18,
888 1328 1102 1381 Iulianique
1129 1330 1174 1368 ad
1206 1330 1377 1382 Argims

115 1381 339 1435 epistolam3
370 1395 535 1435 quorum
566 1382 743 1421 locorum
774 1383 922 1435 primus
948 1382 990 1422 &
1022 1383 1156 1422 tertius
1182 1382 1378 1423 casaubo-

116 1437 156 1475 ni
169 1435 389 1476 sententiam
407 1449 488 1475 non
510 1446 672 1487 tangunt
684 1465 696 1484 ,
712 1436 856 1488 quippe
871 1436 935 1488 qui
949 1436 995 1475 de
1014 1436 1263 1489 temporibus,
1277 1451 1378 1489 quae

118 1490 315 1530 Neronem
343 1488 617 1530 antecesserunt
632 1518 644 1537 ,
670 1502 748 1528 non
773 1491 819 1528 de
842 1489 1084 1542 sequentibus
1101 1520 1114 1535 ,
1140 1489 1289 1530 statuat.
1313 1492 1379 1530 Se—

119 1545 265 1585 cundus
288 1543 453 1583 Patrium
474 1542 663 1582 Muficum
683 1543 733 1582 ibi
757 1555 921 1595 agonem
939 1556 1029 1582 vere
1044 1543 1145 1583 facit.
1167 1543 1323 1582 SOLAN.

171 1599 247 1636 ead.
282 1598 307 1636 l.
335 1611 373 1646 7.
403 1594 504 1637 Μῆτε
530 1595 730 1646 κωμῳδίαν
759 1597 1046 1650 ἀγωνίζεσθαι)
1076 1597 1256 1639 Moverat
1279 1598 1381 1638 forte

120 1650 365 1690 Isthmiorum
384 1651 524 1690 iudices
536 1681 547 1698 ,
566 1649 670 1702 quod
685 1650 814 1702 postea
836 1650 1023 1690 Praefides
1038 1650 1267 1702 Pythiorum
1284 1682 1294 1696 ,
1310 1652 1379 1690 ubi

119 1704 188 1744 sua
211 1705 333 1744 adhuc
360 1715 482 1744 aetate
499 1703 794 1756 Tragoedorum
821 1715 1013 1744 certamen
1033 1703 1163 1750 fuisse,
1189 1704 1247 1743 sed
1262 1706 1306 1743 de
1329 1719 1380 1744 eo

121 1758 367 1810 abrogando,
395 1768 553 1811 propter
572 1757 736 1797 iudicum
764 1758 982 1804 molestias,
1015 1760 1166 1805 aerum,
1192 1770 1383 1797 memorat

120 1812 218 1851 Plut.
243 1811 420 1863 Sympos.
438 1813 491 1857 V,
517 1825 538 1849 2
554 1841 565 1858 ‚
585 1824 620 1863 p.
636 1813 733 1860 674,
760 1813 825 1864 qui
853 1812 990 1850 ibidem
1020 1814 1154 1857 docet,
1181 1812 1219 1849 in
1241 1812 1381 1863 Sicyo-

122 1867 192 1905 nio
207 1865 387 1905 thesauro
407 1866 615 1904 dedicatum
637 1863 742 1904 fuiffe
763 1863 924 1916 χρυσοῦν
947 1865 1085 1910 βιβλίον
1100 1866 1382 1919 Ἀριστομάχης

125 1918 353 1969 ἀναθήματα
369 1941 414 1948 —-
430 1919 621 1970 ποιητρίας
639 1913 795 1968 ''lo-Quor.
810 1919 1048 1958 νενικηκυίας.
1068 1918 1196 1958 GESN.

178 1973 256 2011 ibid.
280 1970 381 2013 Mr'rte
401 1971 641 2026 τραγῳδίαν)
662 1971 792 2011 Olear.
816 1974 859 2011 ad
884 1971 1054 2011 Philostr.
1086 1973 1171 2024 163,
1199 1985 1232 2012 a.
1263 1988 1308 2013 12
1338 1974 1379 2014 &

124 2038 146 2067 ,ι
158 2038 189 2078 5.
213 2026 358 2065 Rerrz.

179 2083 252 2119 ead.
268 2082 290 2118 l.
308 2093 367 2119 10.
380 2079 459 2119 Ἐπ’
469 2074 604 2132 αὐτὴν)
621 2078 720 2131 Lege
735 2078 796 2117 ἐπ’
811 2075 921 2128 αὐτῇ.
936 2077 1100 2119 GUYET.
1114 2078 1235 2119 Refie
1247 2110 1257 2126 ‚
1276 2093 1383 2120 cum-

126 2140 206 2184 que
220 2134 259 2173 δι
275 2134 365 2173 Pell.
382 2135 430 2172 ita
445 2133 600 2171 haberet
612 2162 622 2178 ‚
645 2145 723 2172 non
742 2132 917 2171 haesitavi
932 2133 982 2171 ita
997 2134 1117 2172 edere.
1136 2133 1280 2172 Rmz.

187 2185 277 2237 Pag.
305 2199 390 2237 302.
410 2187 434 2225 l.
453 2201 486 2240 3.
508 2185 598 2225 Τοὺς
617 2184 749 2224 ἑαυτοῦ
763 2185 986 2239 ὑποκριτὰς)
1003 2186 1116 2226 Forte
1132 2199 1177 2226 ex
1194 2187 1259 2226 illo
1276 2187 1382 2240 plau-

131 2236 259 2278 sorum
281 2240 433 2280 suorum
454 2252 616 2279 numero
630 2269 641 2287 ,
659 2252 759 2292 quos
781 2239 951 2279 describit
970 2241 1127 2280 Sueton.
1145 2253 1176 2279 c.
1197 2254 1266 2280 20:
1287 2243 1384 2279 Ado-

131 2291 325 2342 lescentulos
345 2295 490 2345 equestris
509 2294 654 2341 ordinis,
675 2295 708 2331 δ’
726 2296 866 2347 quinque
888 2296 1035 2347 amplius
1059 2295 1164 2333 millia
1182 2311 1196 2332 e
1214 2296 1304 2347 plebe
1326 2311 1381 2334 ro-

133 2346 325 2398 bustiffimae
346 2348 529 2386 iuventutis
551 2348 693 2398 undique
713 2349 825 2399 elegit,
846 2349 903 2399 qui
922 2349 1021 2399 divtfi
1040 2349 1074 2385 in
1093 2348 1257 2398 fiu‘liones
1279 2349 1383 2399 plau-

124 2399 230 2453 suum
244 2413 361 2451 genera
386 2401 605 2452 condiscerent
622 2402 696 2441 &c.
720 2403 771 2440 Hi
795 2402 942 2454 quidem
965 2402 1161 2456 plausuum
1185 2399 1384 2454 ὑποκριταὶ

131 2451 249 2492 fuere.
273 2452 403 2493 Gnsu.
