1907 3101
229 161 299 208 IN
331 160 789 208 DEMOSTHENIS
827 162 1193 210 ENCOMIUM.
1277 182 1366 229 423

96 249 204 292 tuiffe
227 263 355 292 tamen
378 252 419 291 &
440 252 531 291 viro
557 251 673 292 docto
698 251 735 290 in
760 251 989 299 Germania,
1014 265 1061 291 ex
1084 252 1372 295 Hemsterhusto

95 307 213 346 audio
233 319 291 345 au.
319 318 425 356 1723.
451 305 611 345 SOLAN.

146 362 222 399 ead.
239 361 263 399 l.
279 359 315 398 8.
332 359 500 425 Χρυσίον)
518 357 685 399 subaudi
708 360 777 407 τὶ,
802 358 921 398 κατά..
941 359 1107 400 GUYET.

148 415 270 453 ead.l.
296 411 408 466 9.οὗ
421 414 633 482 Βοιωτίας)
661 413 724 452 Sic
755 412 878 471 legisse
902 413 1079 452 videtur
1073 425 1281 467 interpres:
1307 412 1372 456 οὔκ,

95 466 163 506 ἐπι
185 471 372 513 Boua-tm,
393 462 470 506 ουδΜ
501 467 580 507 ὲνΘα
607 483 646 507 τι
665 482 744 516 ’ταρ
780 468 869 516 {pecu
902 467 1094 511 λαβόντες.
1118 468 1289 509 GUYET.
1316 467 1368 510 Ου

95 520 282 569 Βοιωτίας,
296 518 372 560 οὐδ’
388 519 470 560 ἔνθα
486 535 522 560 τι
544 521 634 573 παρ’
651 521 740 571 ἑμου
763 520 961 572 λαβόντες)
981 522 1029 559 H
1023 535 1087 561 {ec
1109 523 1247 561 verba
1241 537 1276 562 in
1293 524 1373 563 Sal-

94 574 276 613 muriensi
305 574 481 614 verfione
499 575 548 614 [ιε
569 575 763 628 prioribus
790 575 1062 621 anneeiuntur,
1089 588 1133 615 ac
1157 576 1183 614 si
1204 578 1370 618 Archiie

94 627 238 675 effent,
260 641 351 668 cum
374 627 445 667 sint
466 629 684 681 Antipatri,
709 629 814 680 quod
839 629 941 667 recte
964 630 1058 667 vidit
1082 629 1273 681 Philippus
1287 633 1370 671 Me-

94 682 317 722 lanchthon.
340 683 412 722 Sed
435 683 632 722 animanda
658 683 740 722 (unt
763 683 1077 733 interrogationis
1099 695 1204 722 nota.
1230 687 1313 724 Nos
1335 688 1369 724 in

94 736 262 784 Boeotia,
291 751 359 775 non
383 737 472 775 hica
493 753 541 775 me
562 752 649 775 auro
674 749 830 789 accepto
827 738 843 763 Ρ
857 749 946 775 eum
968 736 1042 775 icil.
1067 738 1240 789 potuistis
1257 752 1370 793 caoe-

92 801 136 829 re
156 790 307 830 vivum.
326 790 499 831 GRAEv.

161 844 241 883 ibid.
257 844 459 896 Βοιωτίας)
482 842 518 882 Si
541 842 627 883 sana
655 843 775 890 haec,
798 843 962 892 mirum,
984 844 1073 896 quid
1097 845 1336 897 Antipatro
1329 859 1370 886 in

95 897 227 936 animo
246 897 377 938 fuerit:
401 911 526 950 neque
545 898 646 937 enim
668 898 712 937 de
739 899 927 950 pecunia,
948 909 992 936 ut
1018 899 1183 938 Archias
1205 900 1371 952 accipit,

92 951 312 1003 cogitabat,
340 963 476 1004 utpote
504 953 571 1004 qui
593 951 893 992 Demosthenem
916 953 984 991 hac
1000 964 1105 1004 parte
1132 953 1369 1013 inexpugna-

92 1004 207 1045 bilem
227 1018 467 1058 compertum
484 1006 650 1045 haberet.
668 1006 758 1045 Vid.
785 1019 901 1059 cap.3
908 1007 952 1053 6,
967 1006 1031 1045 ubi
1051 1008 1368 1073 corrumpipoise

95 1057 398 1100 Demosthenem
414 1071 527 1112 negat
542 1060 746 1112 Philippus
763 1059 922 1100 SOLAN.
936 1056 986 1099 Οὐ
1010 1061 1199 1108 Βοιωτίας,
1215 1059 1293 1101 ods‘
1315 1062 1369 1101 ἕν-

93 1115 150 1150 3oe
173 1113 230 1166 τι)
251 1115 358 1154 Haec
379 1114 430 1152 ita
449 1125 608 1167 apparet
627 1113 730 1153 arae
753 1115 980 1161 cohaerere,
1008 1127 1049 1153 ut
1070 1114 1146 1154 sine
1172 1117 1304 1154 iniuria
1327 1117 1368 1156 δι

93 1165 357 1207 internecione
385 1167 590 1208 sententiae
613 1168 741 1207 divelli
767 1181 846 1208 non
874 1167 1034 1229 poffint:
1062 1170 1103 1209 &
1124 1180 1251 1208 tamen
1275 1169 1366 1208 lon-

92 1232 140 1273 ge
163 1233 270 1261 erant
291 1221 473 1261 distra&a.
495 1222 726 1274 Scrupulum
747 1223 900 1274 quidem
924 1222 1098 1261 inliciunt
1114 1224 1244 1268 verba,
1265 1237 1365 1275 quae

91 1275 310 1326 posuimus,
333 1277 371 1314 in
394 1276 536 1328 quibus
559 1277 678 1316 multa
697 1278 806 1315 varie
825 1286 970 1315 tentata
991 1289 1056 1328 per
1076 1276 1189 1315 hosce
1210 1278 1283 1316 XX
1297 1290 1364 1316 an·

92 1341 165 1368 nos
185 1343 273 1369 cum
307 1330 354 1369 ab
380 1331 484 1376 aliis,
506 1341 586 1370 tum
613 1344 635 1369 a
659 1330 772 1369 nobis
802 1342 962 1382 quoque
993 1331 1033 1369 ὅ(
1061 1329 1197 1369 nostris
1220 1333 1364 1372 amicis

92 1380 238 1422 Ponam
263 1383 374 1432 illud,
394 1385 434 1423 in
449 1398 531 1435 quo
550 1398 628 1424 non
646 1384 857 1442 δευτέραις,
882 1383 942 1422 sed
957 1383 1147 1423 &nimai-5
1164 1386 1363 1424 minimum

92 1438 280 1487 φροντίσιν
284 1437 532 1501 acquiescere
551 1439 642 1477 mihi
658 1438 760 1477 visus
783 1437 878 1476 s.um
893 1437 1042 1477 Primo
1035 1438 1149 1498 igitur
1165 1440 1255 1487 aio,
1273 1452 1364 1478 cum

93 1488 256 1531 ἕκαστος
276 1490 434 1545 ἁπογέ)
435 1508 586 1542 ραπται
610 1492 767 1543 pulchre
787 1491 995 1531 cohaerere
1018 1493 1257 1543 participium
1273 1493 1363 1543 ,παρ’

93 1543 185 1593 ἐμοῦ
208 1546 401 1593 λαβοντες,
421 1546 555 1599 plurali
576 1548 622 1585 ad
647 1545 925 1584 distributivum
946 1558 1087 1584 nomen
1112 1547 1247 1585 relato.
1273 1546 1362 1586 De-

93 1599 180 1638 inde
202 1599 406 1638 Boeotiam
433 1600 585 1640 Atticae
609 1600 710 1639 illam
732 1600 1036 1645 conterminam,
1058 1599 1097 1638 δι
1124 1599 1367 1652 Demagogis

95 1653 234 1693 Atticis
254 1654 523 1700 commodam,
552 1654 589 1692 in
610 1653 793 1707 potestate
814 1652 973 1705 Philippi
995 1654 1050 1691 bis
1070 1653 1178 1692 fuisse
1202 1654 1365 1700 constat,

95 1707 296 1746 intantum
316 1720 439 1755 certe,
453 1720 494 1747 ut
510 1683 596 1747 inde
617 1709 740 1760 ligna,
759 1707 903 1746 reditus
923 1707 948 1746 s.
963 1706 1185 1759 veffigalia‚
1207 1721 1362 1759 pecora,

94 1762 246 1821 praedia
260 1762 347 1800 dare
362 1761 402 1800 &
424 1761 605 1815 affignare
628 1761 702 1801 suis
720 1762 791 1800 illis
805 1761 934 1800 amicis
957 1762 1198 1800 mercenariis
1213 1761 1334 1813 poffet
1346 1791 1360 1808 ‚

93 1814 208 1854 semel
236 1816 272 1854 in
298 1815 399 1855 bello
423 1815 555 1864 sacro,
581 1816 622 1856 δι
649 1815 780 1854 deinde
810 1814 893 1873 post
916 1827 1081 1867 pugnam
1109 1815 1361 1854 Chaeronen-

94 1868 183 1909 sem.
210 1868 327 1921 Igitur
354 1870 555 1922 legendum
583 1870 752 1909 videtur:
786 1874 858 1908 Νυν
884 1868 920 1908 5*
952 1869 1093 1908 ἐκείνων
1110 1868 1178 1918 μὲν
1198 1867 1362 1908 ἕκαστος

95 1924 430 1976 ἀπογέγραπται,
449 1924 629 1976 χρυσίον,
651 1923 773 1983 ξύλα,
799 1921 954 1973 πυρους,
974 1923 1208 1974 θρέμματα,
1229 1938 1298 1976 ’γῆν
1324 1924 1363 1962 ὃς

96 1977 310 2023 Βοιωτίας,
304 1992 340 2016 ος
355 1977 392 2016 θ’
403 1977 483 2018 ἔνθα
499 1993 537 2017 τι
552 1977 640 2027 παρ’
658 1980 748 2026 ἑμου
764 1977 954 2023 λαβοντες,
971 1989 1015 2015 ea
1031 1976 1230 2022 sententia,
1243 1990 1362 2030 quam

96 2031 383 2083 interpretando
399 2030 583 2084 expreffi,
603 2032 665 2071 seu
686 2032 804 2083 magis
824 2031 868 2069 ad
890 2031 1053 2070 verbum
1069 2031 1235 2083 placeat,
1253 2032 1362 2070 Nunc

97 2084 235 2123 illorum
251 2085 472 2139 unusquisque
484 2086 635 2138 scriptus
654 2088 697 2138 est
707 2100 828 2125 aurum
843 2107 887 2114 —
901 2085 993 2123 alius
1008 2085 1185 2129 Boeotiae,
1197 2085 1290 2123 alius
1310 2086 1364 2124 lzt'c

97 2139 227 2190 aliquid
246 2155 377 2187 eorum,
392 2156 414 2177 a
434 2155 482 2178 me
501 2139 746 2192 accepffi.1ta
766 2137 885 2177 sanari
909 2138 1031 2198 potest
1056 2138 1166 2177 locus
1189 2138 1364 2176 difficilli-

99 2205 206 2240 mus,
223 2193 326 2232 nulla
347 2193 454 2233 litera
479 2194 702 2238 immutata,
724 2192 793 2232 nisi
813 2192 875 2231 illa
903 2192 1135 2244 negatione,
1159 2205 1257 2242 quae
1277 2204 1366 2231 orta

99 2246 254 2285 videtur
269 2260 316 2286 ex
337 2246 459 2286 studio
480 2247 765 2300 conglutinandi
779 2275 790 2294 ,
805 2258 903 2297 quae
916 2256 1043 2285 tamen
1059 2247 1267 2284 cohaere-re
1283 2246 1367 2284 nul-

98 2299 139 2338 lo
163 2301 279 2339 modo
307 2300 468 2353 poffunt.
487 2279 580 2340 NisiD
594 2302 788 2353 poeticum
806 2299 921 2347 effet,
944 2300 1074 2352 (certe
1094 2312 1174 2338 non
1196 2298 1283 2337 {atis
1307 2310 1366 2337 at-

97 2354 225 2400 tendi,
247 2367 293 2392 an
323 2355 432 2393 etiam
461 2355 498 2393 in
522 2355 643 2394 soluta
667 2356 843 2393 oratione
870 2352 1125 2418 adhibeatur)
1145 2364 1367 2404 poteramus

99 2408 214 2446 etiam
237 2407 472 2460 sulpicari,
460 2405 524 2447 οὔκ,
546 2410 569 2447 i.
587 2422 619 2447 e.
647 2409 661 2446 ὁ
689 2409 730 2448 ἐκ
753 2408 880 2447 Βοιωτ
883 2422 953 2455 ας,
972 2407 987 2445 ὁ
1013 2407 1050 2446 Σ
1071 2405 1148 2445 ὲιθα
1174 2423 1213 2446 τι
1236 2405 1371 2453 λαβόν-

97 2475 176 2507 τες,
200 2460 379 2502 lententia
399 2464 511 2516 plane
538 2463 683 2505 eadem.
704 2462 828 2504 GizsN.
989 2513 1030 2554 D
1045 2514 1066 2553 d

1095 2529 1120 2561 4
