1907 3101
614 256 704 302 340
802 236 1676 283 ANNOTATIONES

664 330 752 382 Pag.
771 342 828 382 19.
843 329 867 368 l.
889 342 902 366 1
916 342 944 367 1.
968 325 1117 375 Αὑτοῦ)
1146 327 1191 366 In
1211 326 1388 367 omnibus
1409 327 1547 367 nostris
1569 327 1672 367 libris
1696 338 1777 368 erat
1798 324 1867 366 αὖά

611 381 697 428 τοῦ,
721 384 824 433 quod
846 382 973 421 sedulo
992 380 1044 420 sic
1067 382 1310 420 mutavimus.
1336 382 1493 420 SOLAN.

664 436 753 488 Pag.
774 449 833 474 20.
851 436 874 472 l.
893 436 928 473 8.
948 439 993 471 Tb
1020 434 1210 486 στοιχεῖον
1233 434 1412 486 ἑξάπουν)
1429 434 1518 474 Vid.
1543 433 1584 473 &
1604 433 1686 484 Δεξ.
1708 447 1741 474 c.
1764 448 1802 482 4,
1822 433 1864 472 δι

608 489 685 527 Ἀλ.
701 503 732 527 c.
753 504 789 540 9.
806 490 912 527 Haec
932 488 1028 527 ratio
1051 488 1233 538 temporis
1253 486 1478 526 observandi
1491 498 1579 526 ante
1599 488 1711 526 horas
1729 489 1864 526 inven-

609 552 667 580 tas
682 572 690 585 ,
713 555 788 594 qua
811 543 856 580 de
890 555 930 580 re
952 540 1234 580 eruditiffimam
1249 569 1261 587 ‚
1291 539 1351 579 sed
1382 541 1653 592 prolixiorem,
1678 554 1791 592 quam
1820 550 1863 579 ut

608 596 667 635 hic
686 596 883 640 inseratur,
903 593 1068 633 Salmasii
1094 593 1382 633 differtationem
1408 594 1483 633 vid.
1515 595 1553 632 in
1578 593 1670 632 Plin.
1694 594 1764 633 Ex.
1783 607 1803 632 a
1826 608 1865 644 p.

607 661 681 698 445
700 651 744 687 ad
762 650 850 700 463.
867 649 975 687 Hanc
1000 659 1126 686 autem
1148 647 1328 699 temporis
1349 648 1615 686 indicationem
1637 646 1863 700 respondere

607 714 715 755 putat
734 703 1003 741 Romanorum
1031 700 1063 739 V
1087 700 1150 739 vel
1174 701 1251 746 Vl,
1273 699 1348 738 hoc
1367 700 1442 745 est,
1458 700 1678 740 undecimae
1691 700 1864 747 nostrae,

606 757 671 794 vel
689 756 755 807 ipsi
773 755 966 801 meridiei3
991 767 1066 805 qua
1092 754 1186 792 hora
1210 753 1390 793 convivia
1409 753 1628 804 tempestiva
1651 755 1780 805 agitari
1802 753 1864 793 so·

605 808 672 848 lita
688 841 699 857 ,
721 822 763 848 ut
786 809 903 847 moris
926 819 1006 846 erat
1027 807 1160 846 diebus
1182 806 1280 845 festis
1301 819 1344 845 ac
1367 806 1608 846 solemnibus.
1623 807 1797 846 Iuvenal.
1813 827 1860 838 ·—

610 863 779 912 Quamvis
787 863 900 911 solida
922 863 1004 899 hora
1021 861 1165 912 superfit
1183 862 1248 898 Ad
1256 863 1403 910 sextam.
1416 860 1677 899 Tertullianus
1694 862 1729 899 in
1744 861 1864 913 Apol.

607 918 849 954 Saturnalibus
868 930 934 953 non
952 915 1051 952 lavor
1067 915 1213 952 diluculo
1225 943 1236 959 ‚
1244 913 1309 963 sed
1324 914 1454 965 honesta
1475 915 1508 951 G·
1524 914 1660 965 salubri
1678 915 1771 953 hora.
1793 914 1867 953 Pu·

608 980 663 1007 tat
693 982 842 1014 tamen,
873 968 1012 1006 nullam
1039 967 1173 1006 horam
1196 967 1266 1005 diei
1292 966 1419 1004 mense
1442 966 1672 1012 Decembri,
1699 980 1779 1018 quo
1800 967 1867 1007 Sa-

609 1024 769 1061 turnalia
795 1022 1097 1067 celebrabantur,
1122 1019 1184 1059 sex
1210 1021 1321 1072 pedes
1347 1019 1538 1068 habuiffe3
1563 1021 1602 1059 δι
1627 1020 1865 1074 παχυμερᾶς

607 1077 654 1115 ad
672 1077 858 1115 rationem
882 1075 1047 1113 Atticam
1063 1085 1213 1125 tempus
1228 1073 1317 1112 illud
1334 1086 1355 1110 a
1371 1073 1540 1113 Luciano
1564 1074 1624 1112 hic
1645 1086 1866 1113 accommo-

607 1129 762 1176 datum,
786 1142 862 1180 457
891 1141 926 1167 a.
950 1128 999 1166 A.
1030 1128 1170 1166 Variae
1196 1138 1325 1166 autem
1354 1139 1460 1165 erant
1483 1139 1625 1166 coenae
1648 1128 1787 1167 horae:
1817 1140 1864 1167 ea

607 1184 769 1232 vulgata
785 1181 891 1221 fuiffe
917 1181 1079 1227 videtur,
1094 1193 1192 1232 quae
1215 1181 1346 1219 decem
1369 1181 1505 1232 pedum
1522 1180 1629 1232 signo
1649 1182 1864 1220 notabatur.

609 1237 662 1276 V.
678 1236 772 1280 Poll.
791 1236 871 1283 vl,
893 1234 930 1274 8.
946 1235 1052 1273 Haec
1075 1246 1169 1286 ergo
1184 1232 1293 1272 solita
1314 1234 1514 1281 maturior,
1537 1245 1580 1273 ut
1603 1235 1643 1272 in
1667 1234 1761 1273 festo
1783 1235 1866 1273 lau-

607 1290 698 1329 titiis
720 1288 929 1340 deliciisque
956 1286 1072 1327 sacro.
1090 1288 1144 1326 Ut
1162 1298 1294 1326 contra
1319 1299 1408 1325 cum
1433 1287 1509 1326 XX
1532 1286 1668 1339 pedum
1699 1288 1736 1326 in
1758 1287 1865 1327 fabu-
1904 1259 1907 1341 l

609 1343 645 1382 la
669 1341 928 1392 Eubuliapud
947 1341 1087 1380 Athen.
1113 1340 1258 1379 mentio
1278 1338 1351 1385 est,
1372 1340 1420 1378 ab
1441 1352 1563 1379 avaro
1581 1341 1719 1387 dicium
1746 1352 1866 1393 puta;

609 1396 790 1443 consule,
813 1395 838 1434 si
862 1395 992 1440 lubet,
1015 1393 1176 1434 Casaub.
1200 1394 1246 1431 ad
1270 1393 1361 1431 Atb.
1388 1406 1475 1445 425.
1500 1392 1657 1434 SoLAN.
1686 1394 1797 1446 Quid
1819 1395 1864 1435 sit

605 1449 818 1501 στοιχεῖον,
838 1447 1001 1487 Pollucis
1022 1448 1148 1487 verbis
1165 1447 1332 1486 dicamus
1346 1446 1403 1485 VI
1419 1475 1430 1493 ,
1454 1461 1503 1494 44
1518 1459 1526 1484 :
1542 1445 1593 1495 ΤΞ
1606 1446 1693 1497 σκιᾷ
1703 1448 1741 1487 :5⁰
1757 1447 1865 1487 ἐτεκ-

604 1504 780 1553 μαίροντο
806 1505 926 1551 καιρὶν
950 1500 1019 1539 755
1048 1500 1112 1540 ἐπὶ
1136 1503 1177 1539 τὸ
1203 1499 1349 1538 δεῖπνον
1373 1496 1479 1547 ἑέοὗ,
1512 1499 1552 1539 {iv
1580 1502 1643 1539 mei
1670 1499 1863 1553 στοιχεῖον

605 1556 784 1594 ἐκάλουν.
803 1555 938 1606 Itaque
954 1566 1035 1592 non
1058 1566 1229 1605 gnomon
1242 1582 1252 1599 ‚
1276 1552 1335 1591 sed
1350 1551 1426 1604 ipsa
1439 1555 1664 1604 gnomonis,
1677 1555 1863 1607 quidquid

608 1609 654 1647 sit
669 1638 678 1655 ‚
703 1608 808 1661 quod
833 1609 914 1647 vice
938 1608 1143 1658 gnomonis
1174 1606 1345 1658 fungitur
1360 1635 1370 1651 ‚
1393 1607 1527 1644 umbra
1545 1636 1557 1652 ,
1577 1606 1769 1660 στοιχεῖον
1796 1607 1861 1648 est.

608 1661 730 1714 Quae
751 1662 796 1700 ad
820 1662 921 1700 hunc
943 1660 1062 1712 ipsum
1081 1660 1208 1699 locum
1229 1659 1539 1711 Kulinius3quae
1555 1660 1862 1710 ad.Athen.VI,

615 1729 662 1754 10
677 1745 688 1763 ,
708 1715 981 1759 Casaubonus,
1004 1727 1050 1752 ex
1072 1713 1199 1753 Schol.
1223 1713 1268 1751 ad
1295 1712 1486 1765 Aristoph.
1509 1715 1678 1754 Ἐκκλησ.
1698 1715 1791 1762 647,
1818 1716 1861 1755 ὃ(

604 1770 845 1809 comicorum
862 1780 920 1819 ap.
934 1768 1173 1806 Athenaeum
1187 1765 1406 1818 fragmentis
1414 1781 1425 1813 3
1438 1779 1536 1818 quae
1554 1766 1705 1806 Salmas.
1724 1769 1858 1808 Exere.

610 1823 703 1862 Plin.
735 1835 818 1875 pag.
846 1823 922 1869 446
947 1820 1049 1872 seqq.
1077 1821 1122 1859 de
1147 1820 1366 1859 umbrarum
1393 1819 1454 1859 illa
1476 1820 1710 1860 dimensione
1737 1820 1860 1873 dispu-

612 1887 693 1915 tant
707 1906 718 1923 ‚
740 1876 766 1913 sl
791 1877 885 1914 bene
908 1873 1151 1926 perpenderis
1165 1903 1175 1918 ‚
1200 1873 1244 1912 ad
1269 1873 1360 1912 haec
1382 1872 1459 1912 duo
1480 1873 1585 1924 quasi
1606 1875 1728 1926 capita
1750 1874 1862 1914 refer-

611 1931 645 1968 ri
672 1928 847 1981 poffiint:
877 1926 1187 1980 1)antiquiffimis
1207 1927 1445 1977 temporibus
1470 1926 1556 1966 suae
1581 1927 1762 1980 cuiusque
1776 1940 1877 1967 uni-¹

612 1982 701 2021 brae
717 1981 897 2021 dimensio
912 1980 1017 2020 fuiffe
1030 1981 1080 2019 illi
1105 1981 1253 2019 videtur
1270 1992 1339 2031 pro
1353 1981 1535 2033 temporis
1557 1981 1714 2020 indicio:
1731 1994 1806 2034 qua
1821 1982 1874 2022 in,

611 2049 652 2074 re
664 2064 674 2081 ,
699 2048 746 2074 ne
761 2036 805 2074 de
820 2035 1011 2074 climatum
1029 2032 1246 2072 diversitate
1261 2032 1449 2078 dicamus,
1467 2033 1512 2072 ad
1526 2035 1611 2072 anni
1630 2035 1740 2074 etiam
1765 2041 1873 2074 tem-J

612 2088 790 2141 pestatem
815 2087 1083 2139 respiciendum
1108 2086 1238 2132 fuiffe,
1261 2087 1344 2138 quis
1368 2099 1446 2126 non
1472 2087 1602 2125 videt?
1626 2100 1714 2127 cum
1736 2089 1860 2128 hiber-

611 2155 682 2181 nae
698 2142 854 2181 umbrae
870 2142 1101 2179 meridianae
1115 2141 1158 2178 ad
1174 2139 1329 2179 aestivas
1345 2152 1412 2191 per
1428 2139 1568 2178 ltaliam
1581 2139 1867 2194 Graeciamque¹

610 2196 649 2234 in
666 2208 860 2247 gnomone
878 2194 1025 2233 Palladii
1048 2193 1084 2234 se
1106 2193 1268 2232 habeant
1293 2204 1334 2232 ut
1355 2204 1402 2232 lx
1427 2193 1472 2231 ad
1495 2204 1548 2240 113
1569 2193 1712 2233 initium
1729 2196 1867 2235 autemz'
1904 2203 1907 2245 j

612 2250 652 2288 &
674 2248 758 2287 finis
782 2249 850 2287 diei
879 2249 915 2286 in
939 2248 1061 2286 iisdem
1089 2247 1306 2298 regionibus
1334 2247 1545 2299 eodemque
1565 2259 1780 2298 gnomone,
1803 2248 1860 2287 hi-

611 2303 740 2347 berni,
761 2302 937 2340 umbram
963 2301 1096 2339 babeat
1120 2301 1255 2352 pedum
1287 2310 1426 2345 xxlx,
1449 2300 1576 2338 aestivi
1606 2301 1723 2339 modo
1743 2312 1856 2340 xxn.
1900 2308 1907 2349 ἒ

612 2356 763 2407 Vagam
789 2354 996 2393 admodum
1021 2354 1115 2393 hanc
1139 2353 1383 2404 computandi
1404 2353 1588 2392 rationem
1615 2353 1742 2401 fuiffe,
1764 2355 1855 2395 haec
1898 2358 1905 2377 ³

612 2407 686 2460 ipsa
717 2421 798 2455 res,
822 2408 861 2446 8(
883 2407 1070 2451 staturae,
1093 2407 1116 2444 i.
1145 2419 1178 2444 e.
1200 2406 1424 2457 gnomonis,
1448 2418 1491 2444 ac
1515 2406 1650 2458 pedum
1676 2407 1857 2460 cuiusque
1896 2410 1903 2432 ὁ

611 2462 637 2500 i.
656 2475 688 2500 e.
708 2461 900 2500 mensurae
914 2459 1130 2506 diversitas,
1146 2459 1230 2498 satis
1243 2459 1420 2497 ostendit:
1442 2459 1506 2497 ubi
1527 2464 1649 2498 tamen
1670 2459 1758 2499 illud
1776 2473 1855 2499 non
1894 2464 1907 2488 ⁵1

611 2515 904 2567 negligendum,
930 2514 1112 2566 longioris
1137 2513 1301 2552 hominis
1324 2512 1516 2565 longiores
1541 2512 1763 2567 plerumque
1784 2526 1804 2553 e
