1907 3101
564 267 652 327 316
753 261 1640 311 ANNOTATIONES

557 352 670 390 etiam
696 351 872 404 quiddam
898 351 1075 405 suspicer,
1095 353 1200 404 quod
1223 352 1283 393 hic
1307 352 1444 393 Iunoni
1470 353 1662 400 obiicitur,
1683 343 1728 392 de
1753 361 1834 405 quo

559 406 804 473 Theophilus
830 407 1100 445 Antiochenus
1119 406 1197 452 111,
1215 421 1251 459 3,
1275 421 1340 446 την
1357 421 1400 446 τε
1408 408 1520 458 Ἥραν
1537 407 1638 446 ἰδίαν
1661 406 1835 458 asechr‘w

556 475 608 500 un
635 459 741 507 μόνον
766 474 828 498 τον
855 460 930 498 Δία.
951 474 1073 513 yeme.
1063 459 1111 506 ἲν,
1135 461 1241 498 ἀλλὰ.
1265 460 1330 498 καὶ
1349 459 1421 499 sa&
1447 460 1639 523 στὸματος
1664 462 1834 512 c'cve'c‘yvov

559 513 783 564 ὰῤῥητοποιε
786 514 830 552 ῖν.
859 514 904 552 Et
926 513 1329 563 111,6‚x9t3<mr7r05
1351 513 1395 552 δὲ
1418 513 1498 552 πῶς
1524 530 1599 566 ουχ
1618 511 1832 574 εὑρίσκεται

559 568 771 616 σημαίνειν,
792 568 857 606 τὴν
869 567 983 618 Ἥραν
1017 567 1184 617 στόματι
1218 582 1340 618 μιαρω
1368 567 1623 620 συνγίνὲσόαι
1655 583 1707 616 τῳ
1737 568 1827 606 Διί
1818 599 1830 617 ,

560 620 670 659 Haec
685 619 860 673 profeao
884 621 1029 674 lto-eme
1034 622 1159 660 marn
1179 621 1299 672 μίξις,
1314 633 1429 680 quam
1446 621 1559 658 etiam
1580 622 1616 659 in
1638 609 1755 660 Samo
1772 622 1835 660 de-

561 674 726 725 pietam,
754 674 794 714 δι
817 687 838 713 a
856 673 1107 726 Chrysippo
1100 677 1416 726 interpretatione
1438 673 1594 725 physica
1613 674 1832 715 excusatam

562 739 751 767 memorat
769 727 959 778 Origenes
984 739 1117 767 contra
1136 727 1287 767 Celsum
1310 727 1372 766 lib.
1398 727 1468 774 IV,
1489 741 1524 780 p.
1544 729 1626 780 196.
1650 728 1778 769 GESN.

614 782 695 820 ibid
714 782 782 819 Kal
797 795 875 820 τοιν
893 780 1024 821 wosoav
1041 804 1085 811 —
1088 780 1379 845 {me-tacuerim)
1405 781 1467 819 An
1484 781 1556 834 leg.
1580 797 1642 820 neu
1668 782 1743 820 τοῖν
1761 797 1832 821 πο-

564 834 640 873 ἕσιν
666 850 729 875 noea
750 849 802 886 χ
789 835 874 895 Ῐροῖν
902 835 1194 885 ἑκτεταμένοιν,
1212 836 1236 874 i.
1260 848 1292 874 e.
1317 835 1493 873 manibus
1516 834 1748 888 pedibusque
1770 836 1833 876 fu·

560 901 633 940 ge,
654 889 708 927 τὼ
730 904 835 941 χειρε
858 889 1114 941 ‹rapacem-025.
1143 889 1285 939 Theop
1291 888 1346 926 hr
1372 889 1487 929 Char.
1512 887 1679 928 GUYET
1704 889 1773 941 Iup
1752 891 1833 943 ppi-

560 953 618 980 ter
640 941 781 981 Iunoni
802 942 910 989 luae,
934 943 1039 994 quod
1064 953 1194 981 natum
1224 955 1271 982 ex
1263 903 1330 981 pse
1349 942 1390 980 &
1415 942 1600 982 Alcmena
1623 943 1832 983 Herculem

562 997 706 1046 quovis
724 996 842 1034 modo
860 995 1160 1048 persequeretur,
1181 996 1221 1036 &
1237 1008 1315 1035 nov
1322 994 1438 1034 iffime
1462 997 1653 1048 naviganti
1673 996 1831 1036 boream

563 1048 794 1095 immisisset,
813 1050 953 1096 iratus,
975 1050 1150 1088 manibus
1171 1049 1270 1089 illius
1289 1063 1408 1088 aureo
1426 1049 1587 1088 vinculo
1611 1051 1655 1088 ad
1677 1050 1832 1090 coelum

563 1103 741 1155 alligatis,
770 1117 792 1142 a
813 1103 968 1156 pedibus
993 1103 1150 1142 incudes
1173 1104 1291 1150 duas,
1318 1115 1561 1156 uxoremque
1589 1103 1718 1142 adeo
1711 1116 1747 1142 in
1770 1117 1833 1144 ae·

565 1157 672 1196 there
697 1158 737 1196 &
767 1157 931 1196 nubibus
959 1156 1169 1207 suspendit,
1191 1156 1270 1196 fere
1290 1167 1333 1195 ut
1357 1157 1501 1202 solent,
1523 1158 1568 1196 de
1594 1158 1738 1209 quibus
1764 1171 1832 1211 per

563 1210 782 1250 carnificem
804 1210 975 1263 quaestio
995 1211 1169 1250 habetur.
1193 1210 1338 1250 Fabula
1359 1210 1411 1250 est
1434 1209 1539 1248 Iliad.
1565 1214 1624 1257 Ο,
1651 1210 1696 1249 18
1728 1210 1832 1264 seqq.

563 1264 780 1316 Allegoria,
803 1277 919 1318 quam
944 1263 1147 1317 proferunt
1171 1263 1377 1304 Scholiasta
1412 1264 1458 1302 ad
1479 1276 1568 1303 eum
1604 1241 1759 1312 l’ocum,
1790 1265 1833 1305 &

563 1318 809 1366 Phurnutus‚
834 1331 914 1357 non
937 1318 1050 1357 nimis
1064 1318 1238 1357 videtur
1230 1328 1381 1369 mepta,
1403 1313 1564 1369 quibus⁰
1565 1322 1639 1369 Ηρα
1662 1317 1730 1370 ἐιηρ
1757 1318 1832 1368 est,

564 1372 646 1412 live
666 1375 747 1419 aer,
766 1383 807 1411 ut
827 1372 941 1418 alias·‚
969 1372 1125 1410 vincula
1146 1384 1286 1417 aurea,
1310 1371 1457 1418 stellae3
1473 1371 1626 1410 incudes
1639 1371 1740 1420 duo,
1757 1381 1834 1411 ter-

566 1438 606 1463 ra
624 1438 666 1464 ac
682 1439 797 1464 mare
812 1425 954 1478 Tetigit
971 1424 1136 1464 fabulam
1159 1426 1271 1465 etiam
1288 1425 1482 1465 Senecam
1496 1424 1717 1465 ’.Αποκολωι
1742 1438 1831 1480 pag.

566 1493 616 1517 m.
642 1492 732 1527 404.
758 1479 883 1519 GESN.

617 1535 692 1571 ead.
709 1534 731 1570 l
753 1546 807 1571 ιι.
825 1531 1109 1584 Ἐπομόσομαιι)
1132 1530 1312 1585 Ignotum
1335 1530 1604 1572 Grammaticis
1631 1530 1830 1582 futurum,

562 1588 629 1638 qui
650 1586 769 1635 ὂμὸσω
793 1597 940 1625 tantum
968 1587 1041 1626 &’
1031 1600 1193 1635 ομουμειι
1213 1585 1435 1638 agnoscunt.
1453 1584 1579 1624 GEsN.

617 1642 691 1678 ead.
721 1640 746 1676 l.
769 1652 825 1678 12.
841 1639 1134 1692 Ὗψιμέὲοντα)
1159 1639 1269 1700 Quo·
1289 1640 1445 1679 Luciani
1466 1639 1667 1691 personam
1692 1639 1830 1680 melius

563 1693 899 1744 agerevideretur,
921 1694 1096 1745 parodias
1124 1694 1237 1733 etiam
1261 1693 1299 1732 in
1320 1693 1437 1733 rebus
1458 1692 1684 1745 graviffimis
1708 1694 1831 1734 nebu-

562 1746 604 1785 lo
628 1745 840 1786 inserendas
864 1747 984 1786 duxit.
1006 1747 1164 1786 SOLAN.

617 1803 690 1838 ead.
707 1801 729 1838 l.
749 1813 804 1849 ¹4-
822 1799 1013 1851 Πνεῦμα
999 1815 1041 1839 εκ
1061 1800 1232 1853 πατρδς’
1221 1814 1345 1852 εκπορ.
1359 1799 1376 1853 )
1400 1799 1532 1848 Haec,
1555 1800 1595 1838 ni
1621 1794 1831 1840 vehemen-

559 1864 619 1892 ter
635 1853 759 1897 fallor
781 1865 940 1893 aetatem
962 1853 1130 1894 auctoris
1143 1855 1310 1900 certius,
1332 1866 1448 1907 quam
1473 1866 1572 1906 quae
1596 1854 1641 1893 de
1668 1854 1828 1894 Partho-

561 1920 649 1946 rum
670 1907 838 1947 cladibus
857 1908 992 1954 habet,
1012 1909 1166 1948 dabunt.
1181 1907 1251 1947 Sed
1273 1907 1368 1946 ista
1361 1908 1407 1947 tis
1430 1908 1680 1960 relinquimus
1705 1906 1829 1948 discu-

560 1961 706 2006 tienda,
720 1963 788 2013 qui
805 1962 994 2001 historiam
1010 1962 1257 2014 dogmatum
1249 1974 1287 2000 m
1300 1961 1454 2001 ecclefia
1470 1960 1680 2001 Christiana
1695 1962 1828 2001 curio·

561 2013 599 2054 se
620 1990 926 2067 perscrutantur:
941 2015 1084 2068 quippe
1100 2016 1164 2068 qui
1178 2016 1330 2054 aliunde
1348 2025 1617 2068 argumentum
1635 2014 1731 2055 hisce
1745 2015 1831 2054 lon‘

564 2081 610 2117 ge
629 2068 790 2108 validius
806 2069 860 2108 ad
888 2082 970 2122 cap.
988 2083 1012 2122 9
1039 2070 1290 2128 protulerim,
1311 2081 1393 2121 quo
1412 2082 1471 2108 res
1491 2069 1584 2109 haec
1601 2070 1690 2107 mihi
1716 2069 1826 2122 plane

561 2121 701 2160 confici
722 2123 885 2162 videtur.
907 2123 1065 2162 SOLAN.
1083 2122 1238 2173 Πνευμιι
1257 2124 1298 2162 ἐκ
1320 2123 1463 2174 ’πατρὸς
1490 2122 1636 2175 ἑκπορ)
1661 2122 1719 2162 Ex
1743 2121 1826 2162 for·

564 2176 668 2214 mula
692 2174 871 2221 solemni,
891 2189 971 2228 qua
992 2176 1158 2227 Spiritus
1176 2176 1213 2215 S.
1238 2189 1285 2216 ex
1310 2175 1421 2216 Patre
1438 2177 1572 2215 dicitur
1590 2175 1798 2229 procedere
1812 2206 1828 2223 ‚

562 2229 668 2281 quod
691 2242 741 2269 eo
765 2230 901 2268 deinde
927 2230 975 2270 ab
999 2229 1255 2270 Orientalium
1282 2229 1467 2282 plerisque
1491 2229 1653 2269 traehim
1679 2229 1759 2275 est,
1783 2241 1828 2270 ut

561 2293 748 2335 negarent
772 2284 904 2336 utique
922 2296 943 2322 a
961 2283 1042 2324 filio
1065 2284 1177 2323 etiam
1197 2284 1390 2336 progredi.
1412 2283 1484 2322 Sed
1509 2284 1583 2323 hoc
1607 2283 1826 2348 Theologis

559 2337 832 2388 relinquimus,
856 2349 898 2376 ut
923 2337 1012 2377 illud
1041 2338 1180 2385 etiam,
1205 2338 1310 2389 quod
1340 2338 1402 2377 hic
1423 2337 1605 2389 particula
1633 2338 1674 2376 ἐκ
1695 2337 1733 2376 &
1756 2335 1818 2387 ἒξ,

558 2391 607 2428 ad
629 2391 811 2429 unitatem
834 2390 1045 2437 effentiae,
1071 2391 1400 2444 personarumque
1426 2390 1700 2430 distinfiionem
1726 2390 1823 2430 indi-

557 2443 741 2492 candam,
763 2444 973 2484 adhibetur.
1003 2421 1132 2485 G’ESN.

615 2498 872 2547 ead.l.15.Ev
895 2498 937 2538 ἐκ
957 2498 1079 2553 τριῶν)
1094 2497 1211 2540 Conf.
1234 2511 1250 2538 1
1269 2496 1383 2553 Epist
1397 2497 1504 2541 Ioan.
1520 2498 1575 2548 V,
1589 2511 1629 2552 7,
1649 2496 1822 2538 ubihaec

560 2549 752 2593 sententia
779 2551 926 2594 Rurz.
