1907 3101
511 190 602 232 422.
707 170 1579 221 ANNOTATIONES

565 263 656 313 Pag.
676 263 760 302 160.
779 262 804 301 l.
825 263 930 302 1.“Hv
950 261 1059 316 ἐχρῆν
1079 260 1231 316 sumu)
1251 264 1340 303 Hoc
1357 273 1401 302 ut
1414 264 1516 303 refile
1531 265 1777 318 intelligatur,

510 314 716 355 meminisse
731 327 901 369 oportet,
926 316 1094 368 linguam
1118 317 1309 368 Hyperidi
1331 317 1378 355 ab
1402 317 1608 369 Antipatro
1632 323 1777 370 praeci-

509 368 585 408 sam
598 399 609 416 ,
634 368 761 421 (plut.
779 370 906 422 1560)
927 370 968 410 δι
987 383 1007 408 a
1029 371 1157 420 priore
1179 369 1421 409 accusatione
1441 371 1691 412 Demostheni
1712 388 1776 414 re-

509 422 756 462 conciliatum
781 436 927 462 novam
956 424 1130 474 deinceps
1158 422 1308 473 paraffe.
1342 423 1501 464 SOLAN.
1528 426 1696 466 Excisam
1723 428 1775 467 illi

508 475 676 527 linguam
699 477 854 529 quidam
875 477 1061 516 tradidere
1087 478 1188 527 apud
1213 477 1309 516 Plut.
1330 478 1381 515 V.
1407 476 1604 518 Demosth.
1632 495 1668 531 p.
1696 481 1778 534 859

512 528 560 568 C.
582 529 661 567 Alii
689 530 956 582 praemordiffe
979 530 1047 570 fibi
1076 531 1267 583 linguam,
1299 543 1348 570 ne
1370 532 1544 573 conscios
1573 536 1775 587 proderet:

512 582 609 622 idem
634 596 671 621 in
691 584 899 635 Hyperide.
922 583 1048 625 GEsN.

564 639 636 675 ead.
659 636 682 674 l.
700 651 736 686 7.
759 637 908 689 Βοῦλιν)
931 638 1020 676 Vid.
1039 638 1183 677 Herod.
1208 642 1253 682 Z,
1272 638 1346 687 269
1360 669 1373 686 ,
1395 639 1461 679 ubi
1484 641 1661 689 Σπερθίης
1686 642 1777 682 (1ὶεί-

511 702 587 737 tur,
604 691 671 742 qui
689 692 747 731 hic
761 693 949 741 Σπέρχις.
973 691 1131 730 SOLAN.
1149 691 1315 730 Historia
1332 692 1385 732 est
1407 694 1551 734 Herod.
1569 696 1667 742 VH,
1687 710 1777 750 134,

510 757 745 797 quamquam
768 743 945 794 Σπερθίης·
961 745 1009 782 ibi
1031 758 1206 784 vocatur.
1224 745 1352 784 GESN.

567 802 640 836 ead.
656 799 679 836 l.
698 812 754 847 14.
768 799 810 837 ‘O
833 797 955 837 Πύθων
968 798 984 850 )
999 798 1146 839 Orator
1160 799 1398 850 Byzantinus
1423 800 1748 852 eloquentissimus
1761 833 1776 850 ,

510 851 620 892 cuius
642 851 840 891 Demosth.
856 852 896 891 &
913 851 1170 891 Aeschinesin
1192 864 1306 892 oratt.
1325 854 1588 894 meminerunt.
1605 855 1774 897 Gom.

566 906 644 944 ibid.
676 906 721 944 Οἱ
745 906 790 945 Σὲ
811 907 977 945 Ἀττικοὶ
997 903 1141 956 ῥήτορες
1171 906 1319 945 meeth&
1344 910 1641 960 παραβάλλειν)
1665 909 1708 949 Οἱ
1729 910 1776 950 ἑὲ

510 958 617 998 Ἀττ.
640 956 718 1009 ῥῖιτ.
749 959 892 999 ormella
914 960 1188 1009 παραβάλλειν.
1210 960 1399 1000 MARCIL.
1426 961 1559 1002 Rede.
1585 963 1676 1003 Vid.
1697 964 1776 1004 Ad-

510 1012 642 1051 denda.
657 1012 800 1052 Rn‘rz.
823 1011 894 1051 Sed
918 1013 1010 1051 nihil
1034 1014 1085 1051 ibi
1112 1025 1351 1054 annotatum.

566 1069 640 1104 ead.
656 1066 680 1104 l.
702 1080 760 1117 15.
776 1067 1063 1119 Παραβάλλειν)
1078 1067 1249 1107 Subaudi
1263 1068 1315 1109 εἰς
1329 1071 1372 1107 τὸ
1382 1100 1395 1117 ,
1415 1072 1505 1122 προς
1517 1071 1561 1109 τὸ
1574 1071 1775 1123 παραβάλ-

511 1132 600 1159 λειν.
619 1120 789 1161 Cum.

569 1175 658 1226 Pag.
679 1177 762 1214 16¹.
782 1175 806 1212 l.
828 1189 861 1214 2.
878 1173 1140 1226 Ἀποὲείξεων)
1155 1174 1305 1226 Quidni
1326 1176 1465 1216 artiore
1485 1176 1659 1217 Ionismo
1676 1178 1774 1218 ἐιςτο-

511 1226 663 1279 ὃέξεων,
686 1227 804 1268 Conf.
822 1227 931 1280 supra
953 1228 998 1266 ad
1012 1227 1122 1266 Deae
1137 1227 1224 1279 Syr.
1242 1242 1274 1268 c.
1297 1244 1328 1268 1.
1351 1230 1494 1269 Rmz.

565 1284 638 1320 ead.
655 1283 679 1319 l.
696 1281 734 1321 8.
751 1278 858 1330 Αὖτῷ
880 1281 947 1320 τοῦ
962 1281 1098 1334 λόγου)
1113 1282 1214 1334 Lege
1230 1278 1359 1322 αὐτοῦ.
1381 1284 1549 1325 GUYET.
1572 1285 1663 1325 Non
1685 1299 1774 1326 cre·

512 1334 584 1380 do,
606 1346 687 1374 tum
714 1336 803 1388 quia
832 1335 932 1374 stilus
947 1334 1061 1374 solito
1082 1334 1135 1374 est
1160 1336 1372 1375 intricatior
1397 1339 1433 1376 in
1461 1339 1536 1377 hoc
1561 1338 1664 1379 Dial.
1692 1352 1775 1379 tum

511 1389 600 1439 quia
622 1388 730 1429 facile
754 1401 852 1428 unus
874 1389 937 1427 vel
954 1390 1047 1427 alter
1072 1390 1164 1427 liber
1183 1390 1407 1430 exhibuiffet
1428 1390 1556 1431 αὐτοῦ·
1573 1406 1657 1432 nam
1675 1394 1713 1432 in
1732 1407 1775 1434 re

510 1454 588 1480 tam
604 1441 701 1482 facili
724 1442 845 1482 solent
867 1443 994 1493 potius
1015 1442 1153 1489 obvia,
1175 1442 1214 1482 δι
1236 1457 1333 1495 quae
1351 1446 1494 1497 cuique
1509 1447 1634 1486 obiter
1648 1448 1775 1499 legen-

510 1500 537 1534 ti
558 1497 596 1534 in
618 1506 785 1535 mentem
809 1497 983 1535 venirent
996 1526 1009 1542 ,
1031 1496 1258 1543 obtrudere,
1275 1512 1388 1549 quam
1403 1500 1613 1539 difficiliora
1629 1514 1700 1552 pro
1719 1501 1771 1540 fa-

511 1549 657 1588 cilibus.
686 1550 825 1601 Quare
851 1550 968 1589 modo
995 1550 1045 1588 ita
1068 1550 1347 1598 construxeris,
1365 1553 1455 1590 ἀλλ’
1476 1552 1494 1592 ἦ
1519 1553 1684 1603 δύναμις
1705 1553 1773 1594 τοῦ

511 1603 655 1655 λόγου,
675 1604 782 1652 αὐτῷ
806 1603 884 1655 (sc.
914 1602 1024 1654 ἐστὶ)
1046 1604 1246 1654 ἀπρόσιτος
1266 1603 1366 1654 ἡμῖν,
1388 1607 1534 1646 videbis
1557 1608 1647 1647 nihil
1671 1621 1776 1662 opus

510 1656 584 1695 este
604 1655 736 1698 αὐτοῦ.
757 1657 960 1696 R11Tz.ln
984 1657 1029 1695 B.
1042 1671 1078 1704 4.
1098 1658 1234 1709 legitur
1259 1655 1387 1698 αὐτοῦ.

563 1713 636 1749 ead.
651 1712 677 1750 l.
697 1726 709 1749 1
723 1725 753 1750 1.
767 1709 917 1750 Ἀκλινιῖ
927 1711 943 1763 )
958 1710 1105 1750 Confer
1125 1724 1210 1764 cap.
1233 1727 1297 1764 43.
1321 1715 1507 1753 KUSTER.

563 1764 642 1804 ibid.
658 1764 876 1817 Ἐπ’ὸρθνῖς)
906 1764 976 1805 Int.
998 1764 1195 1817 γραμμῆς,
1218 1765 1336 1813 linea,
1357 1767 1381 1805 f.
1404 1769 1486 1813 via,
1514 1768 1552 1806 in
1570 1782 1646 1820 qua
1667 1782 1771 1809 men.

509 1828 586 1856 tem
618 1819 721 1857 suam
747 1831 927 1870 tanquam
951 1819 1083 1857 navim
1111 1821 1244 1858 tenuit.
1269 1820 1485 1873 Respicitur
1509 1823 1552 1860 ad
1574 1823 1771 1863 Rhodium

507 1872 612 1909 illum
633 1873 930 1922 gubernatorem
945 1902 956 1919 ,
980 1872 1019 1910 ὃς
1037 1872 1101 1918 ἔφη
1117 1903 1129 1918 ,
1154 1885 1196 1911 ut
1218 1873 1270 1912 est
1292 1876 1392 1925 apud
1415 1874 1614 1914 Aristidem
1639 1876 1768 1917 Rhod.

506 1939 546 1976 p.
568 1938 639 1977 542
655 1925 757 1965 lebb.
776 1927 1051 1976 Χειμοιζομένινς
1070 1924 1172 1975 αὐτῷ
1186 1925 1252 1966 τῆς
1270 1928 1368 1977 νεὼς,
1390 1929 1452 1966 κα.)
1474 1930 1770 1971 καταδύσεο-3ου

506 1978 736 2028 arpeo-sonunt,
756 1978 867 2019 τοῦτο
883 1979 931 2019 sit
950 1983 992 2019 'rb
1008 1983 1033 2017 ἓν
1053 1982 1288 2030 υλλοίιμενον·
1305 1982 1406 2028 ἀλλ’,
1424 1977 1450 2020 ἑῗ
1472 1983 1672 2030 Illud-edm,
1687 1984 1769 2024 ’1'er

505 2031 565 2070 ὅτι
594 2032 695 2082 ὀρθὰν
717 2035 789 2072 τὰν
811 2032 896 2073 ναῦν
912 2048 1016 2072 καιτοι
1049 2032 1135 2073 :jo-m.
1155 2037 1256 2073 Dum
1272 2035 1404 2075 clavum
1419 2039 1537 2075 renum
1552 2050 1677 2075 teneam
1692 2068 1706 2084 ,
1724 2048 1769 2079 ut

506 2085 559 2124 est
577 2086 612 2123 in
631 2085 798 2137 Quintil.
816 2087 874 2134 ΙΙ,
900 2100 961 2134 17,
981 2101 1029 2134 24
1044 2117 1055 2132 ‚
1080 2088 1146 2126 ubi
1167 2088 1309 2139 reliqua
1323 2090 1501 2129 dedimus.
1519 2089 1588 2129 Sed
1604 2090 1770 2132 frat-“tum

507 2139 638 2178 animo
662 2139 769 2180 fuiffe
788 2141 824 2178 in
843 2140 975 2180 exfilio
996 2141 1062 2179 illo
1083 2141 1331 2182 Demosthen.
1354 2142 1589 2197 fimile'mque
1609 2144 1767 2184 Cicero-

507 2192 565 2240 ni,
592 2206 722 2233 monet
742 2194 976 2234 Plutarchus.
1000 2195 1127 2234 GESN.

561 2248 650 2300 Pag.
672 2249 754 2288 162.
777 2248 801 2286 l.
822 2260 852 2299 3.
866 2243 991 2299 Ἔφη)
1020 2249 1150 2301 Magni
1170 2248 1470 2289 Demosthenem
1491 2249 1650 2290 faciebat
1678 2251 1766 2291 Phi-

502 2301 643 2352 lippus.
659 2302 744 2340 Vid.
762 2301 859 2342 Plut.
879 2301 1079 2341 Demoflh.
1103 2302 1260 2342 SOLAN.

557 2357 629 2392 ead.
645 2355 670 2393 l.
694 2356 729 2394 6.
746 2355 876 2394 Καίτοι
897 2354 1072 2407 μᾶλλον)
1094 2357 1166 2395 Hic
1188 2356 1298 2395 inseri
1315 2357 1397 2396 vult
1420 2357 1447 2395 Ι.
1477 2357 1601 2397 Pellet.
1630 2358 1766 2400 locum

503 2421 595 2446 mox
613 2421 633 2446 a
658 2421 719 2447 me
743 2410 986 2448 commodius
1005 2409 1252 2449 inserendum.
1275 2411 1335 2449 Ac
1358 2411 1518 2450 Pelletus
1542 2412 1641 2451 solus
1663 2425 1684 2450 a
1703 2425 1769 2455 me

505 2462 578 2500 nuc
608 2461 750 2514 usque,
774 2463 839 2516 qui
863 2463 1038 2505 lacunam
1065 2463 1126 2507 hic
1149 2463 1401 2511 observaffet,
1424 2464 1523 2505 visus
1553 2466 1617 2507 est.
1646 2465 1765 2507 Inna-

1888 285 1894 667 Ι

1891 1537 1899 1800 i
