1907 3101
237 189 735 239 PHILOPATRIDIS
769 188 1207 238 DISSERTATIO.
1282 193 1372 256 569

93 281 265 324 hominis
290 283 559 333 emendaturi,
587 283 615 323 s1
640 282 825 330 licuisset,
857 283 919 323 illa
946 282 1190 335 woezsaepeehsn
1215 279 1375 337 κιιυχῆ-

89 352 219 388 uma.
242 339 327 378 Nos
351 351 569 391 pergamus,

151 392 218 431 XI.
244 392 371 444 Quod
397 393 512 444 igitur
539 391 700 432 alterum
727 391 841 431 huius
868 390 1134 444 disputationis
1154 402 1270 443 caput
1297 390 1376 438 est,

96 445 308 486 Lucianine
334 445 379 485 fit
399 446 650 499 Philopatris‚
673 459 722 485 an
751 446 913 485 iunioris
937 446 1122 492 alicuius,
1147 458 1241 499 age,
1264 446 1373 498 dispi-

97 499 255 540 ciamus.
289 500 386 553 Qua
411 501 451 539 in
475 513 516 540 re
546 501 597 539 ita
628 499 887 548 versabimur,
911 512 954 539 ut
981 501 1109 553 primo
1141 511 1278 540 contra
1303 513 1370 539 eo-

96 566 210 601 tum‚
229 556 297 606 qui
325 555 362 593 id
384 555 597 601 affirmant,
620 555 789 594 rationes
814 555 1001 607 quaedam
1021 556 1058 593 in
1085 555 1252 594 medium
1281 568 1374 608 pro·

96 606 266 647 feramus
276 623 289 656 3
311 609 465 655 deinde,
489 622 558 649 cur
584 609 745 648 Luciani
770 621 849 647 non
874 608 948 648 effe
976 618 1180 661 putemus,
1205 622 1373 660 genera-

95 662 166 700 tim
186 663 382 710 dicamus3
411 663 603 716 denique,
630 676 697 708 ut,
717 663 859 715 quibus
885 663 1029 702 indue'ti
1050 663 1269 702 rationibus
1283 694 1294 711 ,
1309 664 1372 702 iu-

99 716 249 755 niorem
266 717 442 756 Luciano
466 717 664 756 au&orem
685 717 934 762 arbitremur,
959 730 1023 757 eas
1042 718 1231 764 rationes,
1252 730 1372 771 quam

97 768 183 809 fieri
208 771 353 822 poterit
377 771 548 811 breviter
570 771 610 810 &
637 770 838 822 perspicue
853 801 862 815 ,
892 784 1169 825 proponamus.

154 823 241 863 XII.
263 825 435 865 Luciano
466 826 550 865 iure
583 825 698 864 tribui
726 824 986 876 Philopatrin,
1013 826 1220 879 probatum
1248 826 1376 878 primo

98 875 187 917 inde
207 877 284 926 est,
303 879 408 932 quod
427 879 458 918 is
474 878 579 932 quasi
604 879 642 918 in
660 878 887 933 posseffione
907 878 997 919 effet
1011 911 1021 926 ,
1036 893 1123 919 cum
1147 880 1245 918 inter
1259 878 1376 933 ipsius

98 944 222 983 opera
248 933 322 973 iam
345 934 466 985 longo
486 946 666 986 tempore
688 931 900 979 reseratum
932 934 1047 985 igitur
1077 946 1158 972 non
1183 933 1250 972 nist
1275 934 1374 973 vali-

97 984 253 1026 diffimis
286 985 500 1027 rationibus
528 986 634 1040 poffe
656 987 744 1026 inde
773 988 981 1027 exturbari.
1021 988 1169 1026 Verum
1199 989 1373 1027 enimve-

99 1053 170 1088 r0‚
191 1053 240 1080 ne
254 1041 330 1080 iam
352 1042 388 1080 in
410 1043 541 1081 locum
558 1041 666 1081 illum
683 1054 932 1081 communem
951 1042 997 1081 de
1014 1041 1259 1081 librariorum
1278 1043 1376 1081 iner-

99 1094 155 1132 tia
185 1094 225 1134 &
253 1094 450 1135 fraudibus
479 1108 707 1143 excurram;
739 1108 787 1134 ne
811 1096 923 1134 etiam
952 1096 1044 1135 illud
1077 1096 1197 1135 dicam
1216 1128 1227 1144 ,
1253 1096 1377 1135 malae

99 1147 187 1187 fidei
216 1148 461 1200 possessorem
487 1148 786 1203 praescriptione
819 1148 894 1188 sese
918 1151 1016 1190 tueri
1042 1163 1120 1189 non
1149 1150 1272 1202 poffe:
1299 1152 1373 1189 iam

99 1202 241 1258 Aldina
267 1204 386 1243 editio
417 1215 484 1245 clo
503 1215 649 1246 13XX11
683 1203 751 1243 fol.
778 1204 817 1242 in
845 1203 921 1242 fine
947 1204 1088 1257 dialogi
1122 1205 1215 1244 haec
1242 1205 1376 1244 habet:

96 1255 207 1296 οὗτος
225 1257 241 1295 ὃ
257 1257 372 1311 λόγος
384 1257 568 1298 νοθεύεται
584 1258 656 1298 τῶν
668 1257 880 1297 Λουκιανοῦ.
906 1257 1024 1310 Quae
1042 1259 1177 1311 procul
1191 1259 1308 1298 dubio
1323 1272 1373 1298 eit

100 1311 223 1350 veteri
243 1313 375 1351 codice
396 1311 607 1364 adscripta,
628 1312 668 1351 δι
686 1311 771 1365 post
790 1311 838 1351 ab
852 1312 935 1351 aliis
952 1313 1111 1364 repetita
1131 1310 1227 1352 sunt.
1245 1314 1376 1366 Argu-

100 1377 274 1404 mentum
300 1379 380 1405 non
405 1366 604 1415 abhorret,
629 1365 779 1411 fateor,
805 1365 851 1404 ab
874 1366 1030 1418 ingenio
1055 1368 1235 1413 Luciani,
1260 1366 1286 1405 s!
1313 1381 1378 1419 ge-

100 1420 262 1458 neratim
293 1420 385 1459 illud
409 1419 574 1472 speeies,
600 1431 645 1459 ut
673 1421 719 1459 ad
743 1419 966 1458 irridendam
993 1434 1079 1459 cum
1111 1420 1379 1474 superstitione

99 1473 324 1526 religionem
348 1475 523 1527 pertinet.
551 1474 622 1514 Sed
645 1488 760 1527 quam
788 1474 969 1525 exiguum
995 1475 1085 1513 huic
1106 1475 1248 1514 rationi
1275 1488 1375 1528 pon-

100 1528 171 1567 dus
194 1528 277 1567 insit
292 1558 303 1573 ‚
328 1527 356 1566 si
379 1529 566 1575 dicerem,
590 1529 637 1567 de
660 1539 753 1575 tua,
780 1528 943 1577 ἱρέων,
976 1530 1175 1580 prudentia
1198 1529 1375 1568 dubitare

103 1582 266 1623 viderer.
291 1582 404 1634 Quid
425 1582 453 1621 si
473 1595 571 1622 vero
594 1581 747 1634 insuper
774 1595 908 1635 negem
923 1612 932 1628 ,
954 1583 1052 1621 illam
1080 1583 1208 1622 saltem
1233 1584 1376 1635 dialogi

103 1635 216 1676 huius
242 1648 386 1690 partem
405 1666 415 1683 ,
442 1636 510 1676 ubi
538 1635 737 1675 vaniffima
763 1635 826 1689 spe
857 1648 918 1675 tot
940 1637 1155 1695 yffiioriae,
1190 1638 1374 1690 triumphi

99 1701 161 1730 tot
184 1689 444 1744 spondentur,
472 1704 643 1744 quorum
674 1690 788 1739 nihil,
819 1691 883 1730 vel
906 1704 1038 1744 parum
1055 1722 1066 1739 ‚
1099 1704 1376 1744 quamcunque

102 1745 219 1783 etiam
245 1744 467 1785 sententiam
496 1744 751 1798 ampleRare,
784 1745 974 1798 contigit,
1001 1758 1091 1786 cato
1114 1746 1167 1784 illi
1197 1745 1375 1786 Samosa-

101 1798 216 1838 tensis
237 1798 329 1840 naso
355 1812 401 1838 ex
431 1798 504 1838 asse
523 1799 760 1839 convenire?
782 1799 898 1839 Certe
921 1813 941 1838 a
964 1800 1160 1852 prudentia
1181 1813 1262 1838 non
1286 1812 1374 1838 tan-

102 1865 185 1893 tum
211 1854 312 1901 viri,
342 1852 401 1892 sed
424 1866 443 1891 a
469 1866 604 1905 magna
629 1853 674 1891 ad
696 1853 923 1893 credendum
956 1866 1014 1893 res
1036 1855 1151 1892 etiam
1177 1853 1264 1893 satis
1291 1867 1378 1894 cer-

102 1920 160 1946 tas
177 1907 375 1955 tarditate,
399 1908 543 1960 oppido
571 1908 607 1946 id
629 1908 781 1946 videtur
805 1908 983 1947 alienum.
1009 1909 1144 1960 Ingens
1168 1922 1288 1961 porro
1312 1909 1374 1948 illa

104 1974 234 2002 rerum
256 1961 549 2014 verborumque
567 1962 604 2000 in
628 1962 703 2001 hoc
725 1961 881 2014 dialogo
900 1975 988 2001 cum
1013 1963 1079 2009 iis,
1100 1976 1199 2015 quae
1221 1963 1377 2002 indubie

103 2016 190 2055 sunt
214 2015 399 2065 Luciani,
423 2015 664 2064 similituclo‚-
679 2027 828 2054 tanturn
853 2016 976 2060 abest,
1005 2027 1048 2055 ut
1069 2030 1089 2054 a
1116 2030 1176 2056 me
1199 2029 1373 2070 negetur,

105 2082 150 2109 ut
175 2070 303 2123 potius
323 2069 438 2123 paulo
460 2082 548 2109 ante
573 2083 617 2109 ea
644 2068 733 2109 usus
760 2069 828 2108 fim
854 2070 900 2109 ad
930 2070 1194 2120 probandum,
1217 2072 1375 2110 Traiani

103 2135 228 2164 aetate
252 2137 331 2164 non
364 2124 485 2163 videri
519 2122 714 2177 scriptum.
751 2123 824 2163 Sed
856 2125 982 2176 potuit
1010 2138 1054 2163 ea
1082 2138 1130 2163 ex
1161 2125 1236 2164 alio
1260 2125 1373 2165 etiam

103 2178 212 2218 fonte
245 2178 491 2230 profluxisse,
523 2178 734 2217 imitatione
765 2179 977 2224 nimirum,
1007 2177 1094 2218 satis
1128 2179 1187 2217 illa
1219 2180 1372 2231 quidem

102 2233 261 2284 inepta,
292 2245 371 2285 qua
398 2233 444 2272 de
473 2243 556 2271 tum
589 2245 637 2271 ex
672 2233 986 2272 annotationibus
1022 2232 1161 2272 nostris
1195 2233 1373 2274 constare

103 2286 255 2327 volenti
281 2285 433 2339 potest,
467 2297 551 2325 tum
584 2285 682 2325 infra
713 2285 838 2326 adhuc
871 2286 1016 2340 aliquid
1049 2289 1120 2326 erit
1152 2287 1370 2327 dicendum„

105 2340 223 2381 Nunc
246 2341 394 2393 reliqua
420 2339 703 2394 persequemur.

175 2395 280 2437 XIII.
303 2395 519 2436 Vi&oriam
544 2394 589 2433 de
615 2393 733 2433 Persis
762 2393 958 2447 ingentem
991 2394 1206 2447 reportavit
1233 2394 1373 2434 Lucius

102 2448 255 2493 Verus,
284 2448 336 2487 ob
358 2461 497 2500 quam,
517 2449 804 2488 communicato
832 2461 919 2488 cum
945 2448 1082 2487 Marco
1105 2449 1218 2487 fratre
1245 2451 1370 2487 hono-

101 2515 166 2550 re,
189 2502 458 2558 triumphavit.
481 2503 593 2543 Hanc
611 2515 699 2543 eam
720 2501 836 2556 ipsam
851 2501 925 2542 effe
938 2533 949 2549 ,
982 2515 1099 2556 quam
1113 2502 1280 2543 celebrat
1299 2501 1373 2542 sub
