1907 3101
565 199 654 264 580
785 198 868 245 DE
902 197 1154 247 AETATE
1191 199 1274 246 ET
1311 197 1609 247 AUCTORE

558 286 698 326 tiffimo
714 286 916 326 mendacio
937 299 1091 326 omnem
1117 286 1216 325 hanc
1236 285 1420 337 tragicam
1440 285 1705 338 supelleffilem
1733 283 1822 325 lona·

560 339 704 392 giffime
725 339 924 392 superare:
960 340 1015 379 his
1039 340 1139 379 enim
1165 339 1389 391 singultibus
1415 338 1575 378 Critiam
1607 340 1700 390 ipsas
1722 351 1819 378 con-

559 393 714 432 vertiffe
735 394 880 442 nubes,
901 405 1128 445 tantumque
1154 392 1191 431 in
1214 391 1446 443 Propontide
1472 393 1646 432 excitasse
1672 392 1820 432 borean

560 446 651 485 dicit
668 477 677 494 ,
702 459 744 485 ut
764 448 960 486 onerariae
983 459 1102 485 naves
1117 445 1274 485 funibus
1293 445 1575 485 contrahendae
1595 446 1675 484 sint,
1699 444 1818 496 Apud

559 513 634 539 nos
663 501 899 539 mentiuntur
930 500 1118 539 interdum
1144 499 1319 537 homines
1341 510 1383 537 ut
1411 499 1534 537 trabes
1561 498 1815 544 insufflantur,

561 553 667 605 quod
689 554 741 592 est
764 553 801 591 in
829 552 1112 592 Germanorum
1140 552 1358 591 nostrorum
1389 552 1623 604 proverbi03
1651 552 1710 591 sed
1735 552 1819 596 hic,

562 619 610 645 ne
632 607 783 646 coelum
812 605 930 658 ipsum
958 607 997 644 &
1024 606 1139 644 maria
1162 616 1378 658 pervertat,
1404 605 1518 644 timor
1540 605 1605 644 est.
1636 606 1715 644 Vix
1742 604 1820 643 Lu·

562 661 715 706 cianus,
737 672 826 698 cum
849 660 884 698 id
903 661 1005 711 agit,
1021 671 1062 698 ut
1079 660 1278 698 mentiatur
1301 658 1475 705 strenue,
1497 657 1819 710 quemadmodum

564 714 600 752 in
621 729 717 752 verae
737 713 888 765 historiae
913 713 1006 752 libris
1027 714 1178 758 duobus,
1209 711 1299 751 talia
1322 711 1493 765 proferre
1517 711 1683 751 monstra
1706 709 1820 749 ausus

563 766 635 814 est,
662 778 704 806 ut
728 767 787 805 hic
816 766 943 805 bonus
967 766 1027 804 vir
1050 765 1146 804 serio
1182 765 1492 816 colloquentibus
1523 765 1651 804 amicis
1673 763 1821 804 tribuit.

563 821 608 859 In
632 821 784 872 po'e‘tica
810 819 1012 868 facultate,
1042 832 1117 871 qua
1143 830 1269 857 tamen
1291 817 1449 858 mirifice
1472 817 1646 869 placuisse
1666 817 1734 856 fibi
1758 817 1820 856 vi·

564 874 688 919 detur,
709 886 824 926 quam
846 885 966 926 parva
981 886 1120 924 operae
1138 873 1257 924 pretia
1273 870 1402 911 fecerit
1415 902 1425 917 ‚
1442 884 1488 910 ex
1509 871 1585 921 his,
1600 884 1698 924 quae
1718 871 1818 916 iam,

563 939 608 966 ut
632 927 767 966 ordine
787 928 1024 978 percurrenti
1051 925 1124 965 sese
1141 924 1323 971 offerent,
1342 925 1550 977 producam
1565 955 1576 971 ‚
1599 925 1736 970 credo,
1755 937 1820 976 ap-

564 981 724 1033 parebit.
750 980 903 1032 Integra
932 979 1095 1018 Homeri
1117 990 1183 1018 aut
1204 980 1369 1017 aliorum
1388 979 1552 1017 carmina
1575 979 1640 1017 vix
1664 977 1819 1017 inseruit

564 1035 722 1074 centoni
754 1033 844 1077 suo,
873 1030 1142 1086 praeterqtfam
1166 1045 1263 1084 quae
1286 1032 1479 1071 Lucianus
1502 1032 1573 1070 iam
1599 1032 1691 1071 olim
1718 1041 1820 1070 attu-

565 1087 681 1134 lera13
713 1099 756 1126 ut
786 1097 986 1138 appareat,
1010 1099 1089 1125 non
1118 1085 1218 1138 ipsos
1241 1085 1346 1125 illum
1373 1097 1532 1136 magnos
1555 1085 1732 1124 auderes
1751 1096 1821 1123 co-

565 1139 762 1193 gnovisse,
782 1140 844 1178 sed
864 1153 912 1179 ex
931 1139 1006 1178 viri
1032 1139 1118 1178 suae
1139 1140 1251 1178 aetati
1279 1139 1470 1191 propioris
1493 1138 1639 1191 aliquot
1664 1137 1822 1190 dialogis

566 1194 748 1246 pleraque
767 1191 1050 1232 consarcinaffe.
1078 1193 1134 1232 Ex
1153 1192 1414 1245 Aristophanis
1434 1203 1558 1231 tamen
1577 1191 1756 1231 Nubibus
1777 1191 1820 1230 &

567 1247 688 1286 Ranis
711 1247 896 1300 quaedam
921 1246 1055 1291 habet,
1079 1258 1122 1285 ut
1143 1246 1182 1285 δι
1203 1245 1409 1285 Homerica
1428 1258 1574 1298 pauca,
1595 1257 1694 1297 quae
1715 1244 1819 1297 apud

569 1301 783 1340 Lucianum
806 1301 976 1339 nondum
1008 1299 1224 1339 observavi.
1256 1300 1310 1339 Ut
1330 1311 1423 1338 mox
1445 1299 1491 1338 ab
1511 1298 1621 1338 initio
1644 1311 1675 1338 c.
1705 1313 1722 1350 ⁴3
1752 1310 1822 1349 po-

527 1367 533 1371 ·
567 1355 624 1393 nit
647 1367 694 1393 ex
716 1354 911 1400 Homero,
936 1353 1042 1391 Ἀλλ’
1065 1352 1148 1391 ἐπεὶ
1164 1353 1205 1392 σὲ
1226 1352 1367 1403 πρῶτον
1393 1354 1547 1403 κιχάνω
1566 1351 1657 1401 τῷδ’
1675 1351 1723 1390 ἑνὶ
1739 1351 1820 1403 χώ·

567 1423 633 1458 ρῳ,
653 1408 822 1457 ἀπίωμεν
839 1422 874 1445 κ.
890 1421 930 1445 τ.
948 1417 982 1444 λ.
1007 1406 1166 1445 Amicus
1189 1406 1521 1444 veteranusalteri
1537 1406 1680 1452 amico,
1695 1417 1716 1442 a
1738 1417 1820 1456 quo

569 1461 805 1512 aliquantum
835 1458 991 1498 abfuisse
1018 1471 1095 1498 non
1119 1458 1285 1506 constat,
1311 1459 1465 1511 quicum
1490 1459 1563 1496 iam
1586 1459 1692 1511 plura
1711 1457 1822 1497 locu·

568 1524 630 1552 tus
657 1513 734 1559 est,
755 1513 867 1552 dicit:
895 1514 1050 1564 quoniam
1069 1513 1212 1563 primum
1239 1513 1301 1551 hoc
1327 1513 1398 1550 loco
1418 1525 1447 1550 te
1473 1514 1615 1564 reperio,
1636 1526 1720 1564 age,
1736 1512 1818 1550 illuc

569 1569 746 1613 abeamus,
775 1568 832 1605 uhi
855 1567 1012 1617 respirare
1031 1582 1053 1604 α
1073 1567 1163 1604 malo
1184 1581 1252 1604 meo
1266 1567 1392 1617 poffim.
1419 1566 1521 1605 Inter
1545 1565 1703 1604 honoris
1730 1577 1817 1603 ver-

569 1619 640 1666 ba,
667 1620 776 1659 aulae
798 1620 965 1670 inprimis
990 1619 1200 1658 incolarum
1216 1648 1227 1665 ‚
1253 1632 1340 1658 cum
1367 1619 1412 1657 ad
1439 1619 1568 1671 epulas
1594 1630 1659 1658 aut
1683 1616 1819 1657 comis-

568 1672 732 1712 sationes
761 1673 939 1726 pellicere
966 1673 1130 1711 advenas
1148 1673 1307 1717 volunt,
1334 1672 1425 1712 haec
1450 1673 1537 1710 talia
1557 1671 1630 1711 effe
1659 1670 1818 1711 scimus-z

568 1728 671 1779 apud
691 1728 906 1766 Homerum
924 1726 1083 1778 pulchre
1105 1726 1254 1772 dicitur,
1279 1720 1305 1765 ἶ)
1326 1726 1419 1775 φίλ’,
1439 1725 1524 1763 ἐπεί
1545 1739 1587 1764 σε
1608 1725 1746 1764 δύοντα
1765 1739 1819 1762 κι-

570 1783 680 1833 χέινω
705 1780 759 1829 τῷ
782 1779 819 1819 δ’
840 1780 890 1818 ἑνὶ
913 1781 1031 1832 χώρῳ·
1063 1778 1123 1818 sed
1159 1780 1196 1818 in
1223 1779 1299 1818 hoc
1327 1779 1587 1830 Philopatridis
1615 1779 1706 1818 loco
1733 1776 1820 1817 sunt

569 1833 747 1886 prorsus,
771 1833 797 1871 sl
824 1833 913 1885 quid
936 1834 1073 1878 video,
1095 1832 1385 1885 ἁπροσὸιόνυσοι.
1415 1832 1583 1877 Deinde,
1610 1831 1638 1871 si
1663 1843 1818 1871 carmen

569 1887 643 1926 effe
661 1888 796 1932 debet,
817 1897 861 1925 ut
889 1897 990 1926 certe
1016 1899 1194 1937 apparet,
1220 1886 1274 1925 bis
1293 1887 1330 1925 in
1354 1886 1464 1924 metri
1490 1886 1590 1936 leges
1614 1895 1815 1936 peccatum

570 1939 636 1979 est.
663 1940 852 1985 Primum,
876 1952 965 1978 cum
982 1939 1165 1991 posterior
1181 1940 1217 1978 in
1241 1939 1338 1987 ἐπεὶ,
1357 1949 1490 1978 contra
1510 1938 1737 1991 diphthongi
1753 1950 1820 1976 na-

571 2005 695 2032 turam
711 2024 724 2039 ,
747 2005 926 2046 correpta
956 1992 1028 2041 est3
1054 2005 1133 2032 tum
1156 1993 1310 2045 quando
1333 1994 1452 2044 prima
1480 1993 1517 2031 in
1539 1992 1700 2044 κιχάνω,
1730 1991 1816 2030 bre-

571 2047 632 2085 vis
661 2048 759 2099 apud
784 2047 998 2086 Homerum
1026 2046 1066 2085 &
1090 2048 1256 2098 optimos
1283 2044 1478 2098 quosque,
1508 2044 1691 2097 producta
1712 2044 1818 2083 adhi-

570 2100 695 2139 betur.
730 2099 819 2139 Non
846 2099 997 2139 defuisse
1024 2112 1151 2139 autem
1178 2100 1278 2152 apud
1311 2100 1483 2139 Graecos
1510 2099 1630 2137 malos
1659 2101 1816 2149 poetas,

571 2154 638 2205 qui
663 2154 725 2192 vel
750 2154 787 2191 in
815 2152 970 2204 syllabis
992 2154 1224 2192 dimetiendis
1253 2153 1524 2204 impingerent,
1551 2165 1597 2191 ne
1626 2151 1818 2190 hodiernis

574 2218 721 2246 tantum
742 2207 956 2246 hominibus
973 2207 1068 2245 hanc
1083 2207 1228 2246 laudem
1249 2205 1415 2245 reliciam
1437 2217 1569 2258 puteS,
1593 2205 1654 2244 vel
1675 2217 1721 2244 ex
1744 2216 1816 2244 nu-

574 2261 679 2313 ptiali
701 2260 846 2312 elegeio
868 2259 990 2299 miseri
1011 2259 1199 2300 cuiusdam
1225 2262 1385 2311 poetae,
1407 2259 1511 2312 quod
1533 2259 1755 2298 LucmNus
1779 2258 1816 2296 in

574 2313 732 2365 Lapithis
758 2325 768 2344 1
794 2312 926 2361 affert,
946 2312 1119 2352 constare
1141 2312 1223 2352 satis
1248 2312 1434 2366 superque
1465 2311 1585 2364 poflit.
1614 2312 1751 2364 Incipit

679 2365 717 2404 ‘H
743 2363 795 2408 o‘ln
819 2366 906 2406 πότ’
930 2367 983 2418 ἄρ’
1013 2363 1084 2420 {1⁷22
1110 2366 1379 2419 Ἀρισταινέτου
1402 2366 1438 2406 ἐν
1455 2365 1636 2419 μεγάροις
1655 2379 1691 2405 κ.
1711 2379 1750 2404 τ.
1775 2374 1814 2406 λ.

613 2481 632 2506 ·ι
658 2469 737 2514 Cap.
758 2482 814 2513 4¹·
