1907 3101
243 172 747 222 PHILOPATRtDIS
782 173 1222 227 DISSERTATIO.
1295 193 1382 248 575

111 260 269 311 incidit,
295 265 338 304 &
364 265 568 318 postquam
600 265 756 305 illorum
783 265 987 305 edidieiffet
1019 266 1203 317 mysteria
1220 300 1231 318 ,
1261 268 1391 312 subito

113 318 275 357 nimium
303 330 493 372 quantum
518 323 615 359 inter
640 319 725 359 illos
758 332 904 359 nomen
928 320 967 359 &
990 321 1151 372 gloriam
1182 324 1236 362 est
1254 325 1389 368 conseq

112 382 240 412 cutus.
270 373 371 412 Nam
397 374 606 413 hodienum
635 375 747 413 durat
772 374 837 412 illa
862 376 1106 426 quorundam
1133 376 1288 417 stultitia
1304 410 1314 427 ‚
1343 391 1388 419 ut

110 426 300 466 celebrem
328 427 439 466 istum
464 429 501 466 in
515 428 721 467 Palaestina
743 425 959 480 suspensum
976 429 1174 469 hominem
1201 444 1387 473 veneren-

109 490 174 518 tur
196 480 275 519 &c.
300 480 427 534 Pergit
443 482 597 530 deinde,
622 493 665 521 ut
681 482 811 522 videas
829 495 849 520 a
871 483 1081 534 parenthefi
1101 487 1266 525 teverti:
1294 487 1387 526 τότε

110 538 178 572 ΔΗ
209 534 275 573 καὶ
308 535 536 586 συλληφθεὶς
564 550 599 574 κ.
628 550 665 574 τ.
691 548 728 574 λ.
765 535 903 574 Sensus
937 537 1052 589 igitur
1082 539 1270 591 abruptus
1302 554 1388 581 non

109 588 252 640 magis,
277 602 392 641 quarn
413 587 508 641 ’γοῦν
529 588 736 643 particula,
759 589 879 628 deeffe
902 590 1044 643 aliquid
1064 592 1280 633 ostendunt.
1299 596 1386 635 Sui-

107 641 178 680 dae
204 642 332 682 verbis
359 643 423 682 sua
447 643 595 683 constat
621 644 763 683 veritas
783 657 898 697 quam
925 644 1157 698 planiffime,
1185 647 1211 686 st
1238 649 1299 688 vel
1323 651 1384 688 ni·-

107 695 161 734 hil
183 696 286 735 defit.
312 697 421 748 Quid
442 699 542 737 enim
565 697 651 737 sunt
674 697 929 750 blasphemiae
956 700 994 738 in
1017 699 1208 739 Christum
1223 732 1234 749 ‚
1262 702 1288 742 sl
1308 704 1383 744 hae

105 762 186 788 non
212 749 323 797 sunt,
350 765 449 804 quae
481 752 690 791 hodienum
721 752 868 790 exstant
897 754 934 791 in
967 752 1134 794 Proteo?
1165 755 1378 810 Denique,

105 804 196 854 quis
223 803 288 844 iste
314 804 415 845 foret
444 805 600 857 stupor,
630 818 719 845 cum
743 819 901 845 manum
932 806 1045 847 semel
1069 808 1240 849 inieceris
1262 815 1383 859 muti-q

104 856 222 897 lando
251 857 417 912 scripto,
449 860 542 898 illud
567 860 808 912 relinquere,
838 862 946 913 quod
976 862 1061 902 elici
1090 862 1152 902 vel
1185 863 1381 916 similiter,

104 912 170 950 vel
191 914 311 965 magis
335 914 451 953 etiam
476 913 682 953 intererat?
711 913 884 953 Duobus
904 915 1135 967 potiffimum
1162 919 1284 959 modis
1307 921 1381 962 ulti

103 965 191 1005 sunt
213 966 416 1007 Christiani
445 968 558 1008 huius
579 969 720 1019 dialogi
744 970 1021 1009 contumeliam
1037 1001 1049 1016 ‚
1073 972 1239 1023 primum
1261 976 1380 1015 omit·-

103 1021 221 1060 tendo
247 1021 313 1060 illo
341 1022 515 1074 penitus,
540 1023 649 1075 quod
677 1022 822 1061 saelum
849 1023 957 1063 facile
983 1024 1138 1064 FABRO
1162 1027 1379 1079 credimu83

102 1082 186 1113 tum
213 1076 375 1122 acerbe,
402 1077 532 1115 adletis
557 1078 596 1115 in
626 1077 797 1128 margine
825 1078 994 1124 notulis,
1020 1078 1247 1130 refutando,
1268 1086 1377 1136 quod

101 1129 261 1169 Scholia
286 1143 309 1169 a
334 1130 394 1170 lo.
419 1130 614 1170 CLEmco
641 1131 739 1169 edita
769 1129 962 1171 testantur.
991 1131 1167 1172 Omisisse
1186 1138 1377 1187 quaedam

99 1195 149 1222 ex
173 1182 249 1235 ipsa
275 1184 461 1224 orationis
487 1184 605 1232 serie,
632 1184 760 1224 saltem
784 1185 929 1225 FABER
960 1199 1061 1240 quae
1095 1188 1224 1228 attulit
1250 1203 1375 1245 argu-A

99 1249 255 1284 menta,
280 1239 324 1278 iis
346 1239 415 1278 vix
446 1239 695 1291 persuadebit.

164 1292 271 1332 XIX.
299 1292 396 1339 Sed,
429 1306 472 1332 ut
496 1306 702 1346 pergamus
730 1292 881 1332 striffim
914 1295 1101 1346 quaedam
1132 1296 1180 1336 ad
1213 1297 1372 1341 Luciani

97 1346 220 1385 verba
239 1357 448 1394 annotare,
476 1348 670 1387 Iudaicum
698 1347 814 1400 sapit,
843 1349 949 1400 quod
973 1351 1090 1400 ἱερεοις
1113 1351 1154 1390 &
1182 1366 1373 1404 ’γραμμα-

97 1399 194 1439 τέοις
208 1413 326 1440 vocat
345 1400 658 1441 Christianorum
675 1401 870 1440 Dod'mres
881 1432 892 1448 ‚
908 1415 1143 1463 quamquam
1159 1417 1240 1444 non
1259 1408 1373 1459 igno-

95 1466 199 1500 rem,
223 1455 269 1494 de
286 1456 577 1507 Aegyptiorum
597 1457 711 1495 etiam
731 1454 990 1496 sacerdotibus
1006 1472 1079 1497 των
1103 1462 1371 1511 γραμματέων

94 1519 196 1548 voce
214 1522 293 1549 non
314 1508 427 1549 semel
447 1509 556 1549 usum
584 1521 613 1549 1.
644 1511 700 1549 Ex
721 1509 952 1549 ethnicismo
972 1510 1052 1557 est,
1071 1514 1176 1564 quod
1197 1514 1369 1555 Alexan-

92 1561 205 1601 drum
223 1563 530 1604 Christianorum
550 1565 768 1617 διασάρχην
785 1574 925 1612 vocat,
949 1565 989 1604 ἃ
1007 1566 1164 1606 τελετὴν
1186 1567 1371 1610 Christia-

91 1628 234 1656 norum
267 1617 510 1671 disciplinam.
545 1622 668 1658 Καινον
697 1617 894 1669 Σωκράτην
925 1618 1159 1659 Christianos
1190 1620 1366 1675 Peregri-

91 1682 186 1709 num
211 1671 388 1721 vocasse,
417 1672 619 1723 probabile
647 1685 728 1712 non
758 1671 834 1711 est:
865 1670 894 1710 fi
917 1684 1010 1712 nota
1042 1674 1214 1714 Luciano
1237 1675 1367 1719 Paulli

91 1724 271 1778 Apostoli
295 1726 451 1766 historia
481 1725 629 1773 fuiffet,
661 1726 763 1765 hunc
790 1725 911 1764 dubio
937 1728 1071 1778 procul
1106 1728 1364 1774 substituisset.

89 1776 133 1816 Ὀ
155 1779 345 1829 νομοθέτης
368 1780 382 1819 ὃ
408 1778 575 1832 πρῶτος,
601 1780 666 1833 qui
699 1778 913 1832 persuasisse
946 1781 1170 1822 Christianis
1192 1784 1362 1834 dicitur,

89 1842 135 1872 ut
156 1846 293 1873 omnes
318 1833 355 1874 se
378 1847 450 1887 pro
474 1832 654 1874 fratribus
683 1835 848 1873 invicem
874 1833 1054 1874 haberent
1072 1866 1081 1881 ,
1110 1849 1190 1875 non
1211 1839 1330 1878 video
1345 1871 1362 1889 ,

88 1888 182 1939 quin
211 1887 287 1942 ipse
315 1888 489 1928 servator
513 1888 639 1928 noster
661 1888 734 1928 esse
760 1899 886 1941 queat.
915 1889 1055 1942 Neque
1082 1889 1184 1930 hunc
1210 1892 1360 1945 legisla-

87 1951 213 1981 torem
236 1942 313 1982 ἀπὸ
333 1942 402 1982 τοῦ
429 1943 790 1993 ἀνεσκολοπισμένον
814 1941 944 1993 εὶι’δ“ρὸς
967 1945 1032 1982 ubi
1055 1944 1255 1998 distinguat
1279 1948 1360 1988 Lu-

84 1995 238 2045 cianus,
263 1997 436 2049 reperio,
455 1997 561 2050 quod
582 2010 795 2048 utrumque
816 2006 944 2035 tamen
966 1998 1103 2036 iterum
1131 2000 1215 2038 vult
1238 2001 1353 2044 TAN.

84 2048 246 2090 FABER.
272 2050 421 2090 Contra
445 2064 490 2090 ea
510 2050 611 2090 iussit
634 2050 808 2091 Christus
829 2051 966 2089 Matth.
991 2067 1064 2103 23,
1086 2052 1107 2089 8
1122 2082 1133 2100 ,
1157 2067 1198 2092 ut
1219 2068 1357 2097 omnes

85 2104 255 2158 discipuli
280 2104 337 2144 sui
367 2104 529 2144 fratrum
552 2104 589 2144 se
614 2105 704 2145 loco
730 2106 895 2144 invicem
927 2105 1130 2144 haberent:
1152 2107 1192 2146 &
1220 2107 1357 2149 secun-

83 2159 175 2198 dum
193 2157 262 2198 τοῦ
277 2159 640 2208 ἀνεσκολοπισμένον
665 2159 792 2209 νόμους
819 2159 954 2198 vivere
977 2160 1235 2209 Christianos,
1258 2177 1354 2215 pau-

83 2212 125 2252 lo
152 2212 236 2265 post
264 2213 457 2253 Lucianus
490 2213 580 2252 dicit
602 2223 634 2252 2.
663 2214 725 2253 Ad
754 2213 872 2265 verba
896 2223 939 2260 3,
967 2211 1055 2252 εἶτα
1083 2214 1354 2265 ’παρανομήσας

82 2281 122 2305 τι
146 2266 198 2305 εἰς
218 2266 392 2314 ἐκείνους,
422 2266 520 2317 ὤφθη
550 2269 628 2320 γάρ
648 2283 712 2314 τι,
739 2263 785 2306 ὦς
816 2272 948 2317 οιμοιι,
975 2268 1105 2307 {caim
1131 2269 1205 2309 τῶν
1231 2270 1353 2324 ἁπορ.

80 2316 196 2372 ῥήτων
214 2316 366 2368 αὐτοῖς,
389 2320 641 2361 PALMERms
664 2321 848 2362 confundi
876 2323 928 2360 ait
949 2320 1124 2361 Iudaicos
1142 2323 1235 2362 ritus
1259 2338 1352 2366 cum

129 2411 140 2431 1
171 2400 208 2433 E.
228 2411 258 2441 q.
274 2400 313 2433 de
324 2399 436 2442 Sacris.
454 2412 486 2444 p.
503 2400 563 2444 369
576 2400 683 2441 ,T.1‚
746 2399 832 2433 Fabr.
858 2400 891 2432 B.
909 2400 953 2433 G.
972 2400 1008 2431 L.
1030 2401 1086 2442 lV,
1101 2413 1131 2435 c.
1153 2401 1203 2442 16,
1219 2414 1253 2447 p.
1268 2413 1351 2449 5004

82 2444 132 2479 ed.
151 2435 260 2476 Grae).
277 2445 315 2477 it.
327 2446 360 2477 in
372 2444 513 2489 Pltzlops.
527 2456 557 2476 c.
574 2456 626 2487 34.
790 2457 804 2490 3
833 2445 908 2489 Pag.
933 2455 1006 2485 570.

124 2499 146 2524 2
168 2489 345 2525 Iohannem
374 2490 501 2535 Evang.
526 2488 684 2534 intelligit
