1907 3101
536 183 633 249 εει·
760 181 849 230 DE
883 181 1137 229 AETATE
1173 181 1258 228 ET
1290 177 1605 228 AUCTORE

591 263 747 320 propriae
779 278 841 318 30.
870 265 1026 316 Scriptus
1051 267 1186 304 videtur
1214 268 1262 305 ad
1287 266 1437 319 primum
1472 266 1627 305 nuntium
1656 261 1815 304 vinariae

598 320 730 360 Iuliani
755 320 909 370 Perficae
939 333 999 372 31.
1031 320 1215 372 Christiano
1244 320 1442 370 Imperatori
1467 320 1531 358 tali
1556 318 1668 356 libello
1687 331 1813 371 gratu-

597 374 664 412 lari
693 389 762 412 non
784 372 924 424 licuzffet
952 385 1010 423 32.
1034 375 1102 411 Res
1122 375 1226 426 gestae
1250 373 1380 411 Iuliani
1395 373 1488 423 finis
1511 383 1652 423 magnae
1674 385 1734 424 33.
1757 373 1813 409 Ec

593 432 709 466 aut-”lae
730 429 765 464 in
787 426 979 477 immensum
1004 443 1026 464 a
1053 428 1285 466 laudatoribus
1312 438 1370 476 34.
1402 427 1461 464 De
1488 428 1654 477 Aegypto
1684 426 1720 463 in
1736 425 1812 477 fir-

592 482 732 519 vitatem
755 483 952 532 redigenda,
976 480 1151 518 Arabibus
1173 496 1214 519 ac
1238 480 1381 531 Scythis
1407 492 1467 532 35.
1498 479 1674 531 Christiani
1691 478 1814 530 inftnfi

593 536 743 574 Iuliano.
774 536 835 572 De
864 534 916 572 his
944 533 1022 586 agi,
1047 544 1166 572 contra
1188 534 1403 585 Bqfimgium
1428 534 1487 585 36.
1523 533 1621 570 Male
1643 533 1811 572 oml'natos

593 589 732 626 Iuliano
756 587 934 638 offenditur
963 600 1020 636 37.
1048 590 1170 625 Status
1186 586 1281 637 felix
1307 586 1434 638 Imperii
1460 586 1596 624 Iuliano
1625 586 1810 638 imperante

594 642 658 695 38.
684 641 913 680 Galilaeorum
927 641 1113 693 appellatio
1135 641 1262 679 Iuliani
1281 640 1482 692 temporibus
1497 639 1646 692 propria.
1667 653 1726 692 39.
1742 652 1808 686 40.

592 696 732 734 Licebat
750 698 847 746 apud
869 694 1039 733 Iulianum
1063 695 1160 732 etiam
1183 696 1283 732 Deos
1296 694 1471 745 gentilium
1494 693 1624 733 irridere
1647 705 1712 742 41.
1734 692 1813 745 Qu:⁴

592 749 630 787 in
653 749 799 788 Luciani
817 763 933 787 nomen
947 748 1160 800 pervenerit?
1184 761 1247 796 42.
1271 762 1335 800 43.

538 916 573 957 I,
592 858 755 964 QUO
786 927 985 969 tempore,
1017 928 1152 969 quove
1181 914 1339 967 scriptus
1367 915 1525 955 auctore
1548 914 1640 955 esset
1664 914 1809 956 Dialo-

538 982 611 1023 gus
624 1000 636 1015 ,
657 971 722 1022 qui
741 970 1004 1023 Philopatridis
1024 970 1183 1008 nomine
1202 970 1298 1008 inter
1313 970 1469 1008 Luciam
1483 969 1631 1008 libellos
1653 983 1675 1008 a
1693 970 1810 1009 libra-

541 1026 606 1063 riis
629 1026 810 1063 collocari
841 1024 959 1070 solet,
991 1024 1054 1062 diu
1081 1024 1325 1076 multumque
1352 1036 1374 1061 a
1399 1022 1615 1062 doeiuiimis
1639 1023 1810 1063 homini-

540 1079 616 1116 bus
644 1077 875 1129 disputatum
907 1077 971 1115 est.
1015 1078 1081 1115 Me
1113 1077 1159 1116 ad
1185 1078 1446 1129 quaerendum
1472 1077 1652 1115 excitavit
1684 1077 1775 1117 illud
1791 1107 1806 1125 ,

543 1133 650 1184 quod
678 1130 809 1184 paffim
841 1131 886 1170 ad
912 1132 1015 1169 bunc
1039 1131 1207 1169 libellum
1239 1132 1275 1169 in
1303 1129 1616 1183 disputationibus
1641 1130 1686 1169 de
1709 1132 1807 1170 anti-

542 1186 688 1236 quitate
712 1185 801 1224 fidei
821 1184 1042 1230 Nicaenae,
1070 1182 1224 1236 aliisque
1247 1184 1362 1223 rebus
1387 1185 1595 1236 provocari
1622 1184 1808 1225 viderem.

540 1241 698 1290 Operae
732 1240 862 1291 itaque
888 1240 1051 1291 pretium
1081 1237 1154 1277 efl'e
1180 1238 1361 1289 putabam
1388 1239 1500 1276 etiam
1529 1236 1648 1290 paulo
1668 1240 1807 1291 exqui-

537 1293 705 1338 sitioris,
735 1292 762 1331 si
793 1292 971 1332 constitui
1006 1290 1126 1344 poss'et
1149 1292 1310 1344 aliquid,
1340 1292 1444 1344 quod
1474 1293 1537 1330 vel
1567 1291 1685 1343 usque
1709 1305 1807 1345 qua-

539 1360 617 1399 que
642 1358 790 1385 certum
811 1345 925 1391 esset,
948 1346 1009 1384 vel
1024 1359 1117 1384 eum
1143 1345 1422 1398 probabilitatis
1444 1346 1602 1397 gradum
1627 1346 1806 1397 haberet,

538 1412 624 1452 quo
645 1401 682 1438 in
709 1400 772 1439 tali
798 1412 839 1439 re
865 1399 1183 1450 acquiescendum
1206 1398 1271 1437 fibi
1297 1400 1371 1437 viri
1396 1398 1578 1451 sapientes
1602 1410 1750 1451 putant.

596 1453 639 1491 11.
669 1455 727 1492 Ad
744 1454 813 1492 tria
835 1454 941 1504 quast
963 1454 1086 1504 capita
1108 1452 1239 1492 referri
1262 1452 1434 1505 possunt,
1455 1466 1554 1504 quae
1575 1453 1696 1493 adhuc
1715 1466 1806 1506 pro-

539 1506 639 1545 latae
664 1507 748 1545 sunt
773 1505 989 1545 sententiae.
1020 1507 1115 1545 Sunt
1137 1508 1235 1545 enim
1250 1537 1261 1554 ,
1283 1508 1351 1558 qui
1374 1507 1544 1546 Luciano
1570 1505 1719 1546 auctori
1738 1507 1805 1546 tri·

540 1560 738 1599 buendum
760 1570 915 1612 putent:
939 1559 1087 1599 malunt
1105 1560 1167 1599 alii
1190 1561 1446 1612 antiquiorem
1462 1559 1709 1599 Samosatenfi
1724 1572 1805 1600 cre-

540 1614 655 1661 dere,
687 1614 781 1666 quin
805 1614 850 1652 ad
877 1614 1045 1652 Neronis
1073 1614 1194 1666 usque
1225 1623 1400 1666 tempora
1427 1625 1533 1653 retro
1561 1613 1805 1654 ascendentes

541 1678 738 1719 parentem
765 1666 927 1706 deformi
953 1667 1079 1706 foetui
1102 1679 1315 1720 quaerunt:
1341 1667 1406 1706 alii
1428 1667 1592 1719 denique
1613 1668 1804 1708 iuniorem

540 1721 736 1770 Luciano,
758 1721 849 1773 quin
880 1720 962 1773 ipso
984 1722 1101 1760 tertio
1123 1720 1206 1772 post
1226 1721 1271 1761 C.
1294 1721 1343 1760 N.
1366 1720 1493 1760 seculo
1512 1720 1733 1761 inferiorem
1758 1733 1804 1762 ut

542 1774 711 1814 statuant
727 1804 738 1820 ,
766 1775 902 1813 adduci
928 1774 963 1813 se
990 1775 1198 1826 patiuntur.
1232 1775 1316 1814 Nos
1336 1774 1374 1812 in
1396 1787 1437 1813 re
1460 1787 1542 1813 non
1568 1775 1677 1814 nimis
1700 1774 1802 1816 facili

540 1828 593 1867 ita
610 1828 868 1875 versabimur,
892 1839 935 1866 ut
959 1829 1086 1880 primo
1110 1827 1309 1867 sententias
1329 1828 1489 1867 aliorum
1513 1841 1800 1881 proponamuS,

539 1894 658 1933 quam
688 1881 773 1920 fieri
805 1881 947 1933 poterit
974 1880 1167 1933 perspicue
1183 1911 1196 1927 ‚
1228 1881 1377 1920 adiectis
1399 1880 1508 1921 simul
1534 1881 1681 1928 causis,
1704 1895 1801 1936 quas

537 1936 603 1974 vel
624 1935 786 1985 allegant
809 1934 900 1987 ipfi‚
922 1935 986 1974 vel
1009 1948 1110 1987 quae
1128 1936 1306 1974 videntur
1326 1934 1433 1982 illos,
1459 1946 1502 1973 ut
1525 1935 1575 1973 ita
1599 1934 1800 1985 sentirent,

538 1989 744 2035 induxiffe3
773 2000 854 2027 tum
879 2000 977 2040 quae
1002 2000 1137 2028 contra
1167 1990 1238 2028 hos
1263 1989 1310 2028 ab
1333 1989 1413 2027 aliis
1443 1987 1704 2041 disputentur,
1731 1991 1797 2029 vel

539 2043 610 2081 dici
637 2041 765 2081 nostra
790 2042 977 2093 opinione
1002 2041 1166 2094 poffint,
1194 2042 1271 2081 sine
1299 2042 1525 2094 cuiusquam
1550 2041 1798 2084 insectatione

539 2095 706 2135 modeste
733 2095 963 2142 indicemu53
995 2096 1161 2148 denique
1189 2108 1230 2135 ut
1257 2096 1426 2135 nostram
1459 2096 1504 2134 de
1528 2105 1611 2135 tota
1636 2109 1678 2136 re
1707 2095 1798 2136 sen—

540 2149 696 2188 tentiam
718 2149 758 2188 &
783 2161 1025 2201 exponamus
1050 2150 1240 2197 breviter,
1270 2150 1310 2189 δι
1336 2150 1571 2202 argumentis
1594 2163 1666 2202 pro
1693 2150 1799 2191 virili

536 2214 645 2256 parte
670 2201 916 2242 adstruamus.
1430 2215 1434 2219 ’

593 2256 660 2295 ΙΠ.
683 2256 805 2309 Igitur
831 2258 898 2308 qui
922 2256 1092 2296 Luciano
1114 2255 1288 2296 tribuunt
1316 2255 1484 2296 scelerati
1513 2267 1642 2309 partus
1665 2256 1797 2298 exclu-

535 2309 705 2354 sionem,
737 2311 785 2347 ab
805 2309 878 2348 illis
905 2322 952 2348 ne
975 2311 1195 2361 exigendam
1221 2310 1371 2362 quidem
1397 2309 1470 2349 effe
1497 2310 1795 2362 probationem,

535 2364 656 2402 videri
687 2363 800 2403 alicui
835 2375 977 2415 queat,
1008 2377 1120 2409 cum,
1156 2365 1261 2416 quod
1287 2364 1383 2402 inter
1416 2364 1578 2415 reliquas
1609 2364 1690 2403 eius
1717 2365 1793 2404 viri

535 2419 878 2456 commentationes
904 2429 1126 2469 compareat
1140 2446 1151 2461 ,
1172 2430 1221 2455 ex
1246 2429 1294 2455 eo
1315 2416 1395 2469 ipso
1420 2416 1505 2455 satis
1527 2416 1699 2463 constet,
1721 2416 1792 2456 nifi

535 2469 608 2516 fit,
640 2470 705 2522 qui
734 2470 884 2510 meliori
912 2471 994 2510 iure
1019 2483 1107 2511 eum
1129 2469 1197 2510 fibi
1220 2470 1387 2511 vindicet
1402 2501 1414 2520 ,
1444 2470 1541 2512 illius
1561 2470 1657 2522 effe,
1681 2471 1795 2512 cuius
