1907 3101
218 192 720 246 PHILOPATRIDIS
770 194 1215 244 DISSERTATIO.
1291 213 1377 264 573

94 282 354 343 philopatrim
375 291 505 345 colligi
519 290 624 345 poffe
640 303 832 345 putamus.
847 293 951 331 Nam
969 292 1030 331 illa
1043 322 1055 338 ‚
1069 305 1170 344 quae
1184 292 1378 331 iuniorem

96 343 271 384 Luciano
290 344 488 385 auctiorem
515 345 716 393 suadeant,
749 346 805 386 his
832 346 1104 386 subiunemros
1129 359 1203 386 nos
1226 345 1300 385 effe
1323 348 1379 385 di-

94 398 234 439 ximus.
248 399 311 438 Ad
332 399 431 439 hanc
447 400 561 453 igitur
579 399 731 440 classem
746 432 757 449 ‚
774 412 926 454 praeter
945 413 991 439 ea
1003 431 1015 447 ‚
1031 413 1131 454 quae
1149 401 1270 440 modo
1286 414 1381 442 con-

98 463 160 491 tra
187 452 489 493 BLONm-:LLUM
511 466 629 507 atque
654 454 910 495 GEORGIUM
940 454 1127 494 ΒυιιυΜ
1144 485 1157 501 ,
1177 455 1285 494 viros
1309 456 1382 494 do-

99 505 304 555 fflffimos,
325 508 512 561 disputata
539 508 649 555 sunt,
671 520 757 547 -non
782 509 922 548 dubito
944 510 1073 561 primo
1100 509 1190 549 loco
1218 508 1383 557 referre,

96 560 211 612 quod
240 561 363 601 maior
389 563 429 600 in
455 561 531 601 hoc
561 561 716 614 dialogo
744 563 1062 617 deprehenditur,
1092 575 1210 614 quam
1244 565 1283 603 in
1308 565 1383 603 Lu-

98 614 200 653 ciani
223 614 394 667 scriptis,
417 615 717 656 Christianarum
746 630 873 656 rerum
903 618 1051 670 peritia.
1080 616 1270 670 Quisquis
1301 619 1384 657 dili-

99 669 253 720 gentius
275 670 394 722 paulo
420 670 535 710 huius
559 672 631 710 viri
655 671 1048 710 commentationibus
1070 671 1240 723 legendis
1259 684 1384 712 atten-

102 721 202 761 derit
216 753 230 769 ,
251 724 532 764 animadvertet
553 724 730 777 profecto
749 736 979 778 perpetuum
997 725 1075 764 fere
1092 726 1190 765 illius
1207 739 1356 766 morem
1368 755 1382 774 ‚

102 787 173 822 ut,
200 777 237 816 in
259 791 426 830 quarum
453 792 581 817 rerum
609 779 843 818 mentionem
874 779 1068 827 inciderit,
1092 792 1159 819 eas
1188 794 1271 828 res,
1298 793 1383 819 tan·-

100 843 219 882 quam
237 845 305 884 per
328 831 600 884 digreffiones‚
622 845 719 887 quas
741 844 885 873 vocant
901 833 1122 873 Rhetorum
1142 833 1229 883 filii,
1243 835 1384 888 perspi-

96 897 199 932 cue,
227 885 430 939 verbisque
456 887 643 939 negotio,
676 887 722 926 de
752 901 834 940 quo
864 888 1013 940 agitur,
1039 902 1156 940 quam
1185 889 1385 941 aptissimis

104 938 300 988 declaret,
328 953 409 991 quo
433 940 538 993 ipso,
565 954 802 995 quamquam
826 942 1016 981 interdum
1037 955 1117 982 non
1144 945 1310 983 taedium
1326 944 1383 984 le·

103 991 278 1033 &oribus
293 1024 306 1042 ‚
336 994 365 1033 fi
390 995 458 1048 qui
483 994 569 1035 sunt
594 996 859 1042 delicatiores,
888 1009 1020 1036 creare
1050 1009 1130 1037 non
1153 997 1301 1050 potest3
1325 998 1385 1037 fa·

102 1047 160 1087 cit
185 1059 338 1096 tamen,
371 1060 443 1097 ut,
471 1062 564 1089 cum
598 1050 756 1090 minime
788 1061 925 1104 putes,
964 1051 1127 1103 plurima
1161 1052 1304 1100 discas,
1336 1054 1384 1093 ad

101 1113 263 1142 omnem
295 1102 518 1150 historiam,
551 1104 787 1156 populorum
817 1105 938 1153 ritus,
970 1105 1168 1145 clarorum
1198 1108 1380 1147 virorum

104 1156 406 1209 pernoscendam
422 1158 589 1197 indolem
602 1189 613 1204 ‚
633 1158 785 1210 linguae
806 1159 917 1198 etiam
943 1160 1217 1212 proprietatem
1230 1191 1243 1207 ‚
1259 1172 1384 1202 totam

102 1210 273 1264 rdenique
300 1211 550 1251 humanitatis
575 1211 806 1265 disciplinam
839 1214 997 1251 nimium
1029 1225 1218 1266 quantum
1244 1215 1383 1269 profu-

104 1274 206 1304 tura.
230 1265 345 1317 Quin
368 1278 414 1304 ea
431 1265 509 1318 ipsa
530 1267 634 1306 ratio
652 1267 704 1307 est
717 1297 728 1314 ‚
749 1278 793 1306 ut
805 1267 997 1320 quoddam
1011 1267 1237 1317 Ἀμαλθείας
1255 1271 1383 1323 κέρας,

105 1330 174 1358 aut
198 1332 324 1358 cornu
354 1321 489 1372 copiae
520 1320 646 1360 bonae
678 1319 799 1373 frugis
834 1320 1119 1373 pleniffimum,
1145 1335 1265 1375 opera
1298 1325 1384 1363 eius

105 1372 261 1413 summo
288 1373 428 1427 poffint
458 1376 543 1413 iure
568 1375 719 1415 vocari.
753 1374 943 1414 Profluxit
968 1375 1033 1414 ista
1066 1375 1248 1416 scribendi
1278 1380 1381 1418 ratio

104 1429 245 1480 partim
265 1440 313 1467 ex
331 1428 550 1468 charactere
563 1428 739 1474 Luciam,
761 1429 828 1481 qui
847 1429 900 1468 est
920 1427 1164 1477 hemmam,
1186 1431 1225 1470 &
1248 1432 1294 1470 ad
1315 1446 1384 1471 co-

107 1481 252 1522 micum
279 1483 318 1521 in
339 1482 467 1521 multis
500 1484 686 1523 accedens
709 1484 910 1536 proxime,
942 1483 981 1521 in
1007 1484 1233 1535 quibusdam
1264 1487 1382 1525 etiam

105 1534 312 1589 superans:
336 1537 474 1589 partim
489 1568 499 1584 ‚
525 1537 628 1590 (non
652 1536 704 1576 est
725 1539 827 1577 enim
858 1537 1120 1591 infitiandum)
1142 1552 1190 1578 ex
1212 1540 1384 1580 ostenta·

108 1590 220 1630 tione
238 1592 406 1643 quadam
419 1621 432 1637 ‚
445 1590 795 1645 Polymathianque
814 1591 1093 1631 demonstrandi
1111 1593 1258 1642 studio,
1273 1595 1384 1648 quod

109 1644 264 1697 quidem
287 1646 325 1683 in
338 1643 539 1698 Sophista‚
566 1645 604 1685 id
626 1645 679 1685 est
694 1677 705 1695 ‚
726 1658 800 1691 eo,
823 1647 891 1699 qui
911 1646 1057 1685 dicendi
1077 1658 1196 1686 artem
1220 1661 1294 1699 pro
1317 1662 1384 1702 ge-

109 1698 180 1738 nio
202 1698 316 1739 seculi
336 1698 604 1751 profiteretur,
627 1713 709 1739 non
732 1700 821 1739 ferri
848 1700 993 1740 facilius
1015 1712 1193 1754 poterat,
1213 1702 1273 1740 sed
1299 1702 1383 1742 lau-

107 1753 146 1791 di
168 1765 252 1792 erat
278 1765 398 1806 atque
423 1754 678 1793 admirationi.
709 1753 829 1808 Igitur
863 1754 968 1793 nulla
990 1754 1069 1794 fere
1095 1755 1218 1804 secta,
1247 1757 1385 1795 homia-

109 1819 205 1847 num
229 1806 308 1847 fere
330 1820 451 1859 genus
474 1808 620 1847 nullum
650 1808 730 1854 est,
760 1809 871 1848 cuius
896 1822 977 1847 non
1001 1809 1192 1849 historiam
1208 1840 1221 1856 ‚
1247 1811 1385 1850 chara-

109 1860 232 1902 &eres
247 1863 493 1915 praecipuos,
513 1862 661 1916 aliaque
676 1862 1001 1914 ἀξιομνημόνευτα
1022 1862 1244 1916 consignata
1265 1865 1314 1903 ab
1331 1878 1384 1905 eo

110 1915 229 1955 literis
247 1916 598 1969 deprehendamus:
622 1917 945 1969 philosophorum
969 1929 1096 1956 autem
1119 1919 1384 1971 cuiulcunque

110 1968 254 2018 sectae,
279 1971 498 2017 rhetorum,
517 1971 757 2010 adulatorum
769 2001 782 2017 ,
794 1971 1047 2023 parasitorum
1059 2002 1072 2018 ,
1087 1972 1270 2021 divitum,
1287 1987 1386 2026 pau·

111 2036 248 2076 perum
261 2054 272 2071 ‚
288 2023 420 2064 senum
432 2055 443 2071 ‚
456 2026 640 2065 iuvenum
650 2056 662 2073 ‚
680 2024 1026 2078 superstitiosorum
1038 2057 1048 2075 ‚
1065 2027 1270 2066 atheorum
1281 2058 1293 2073 ‚
1306 2028 1386 2068 Ro-

112 2091 321 2118 manorum
336 2108 347 2125 ‚
373 2079 663 2119 Atheniensium
679 2110 691 2128 ,
723 2079 958 2131 Scytharum
975 2109 986 2126 ‚
1015 2080 1267 2133 impostorum
1282 2113 1293 2130 ‚
1321 2082 1386 2121 hi-

112 2130 299 2172 strionum
310 2162 324 2180 ‚
344 2131 516 2172 lenarum
531 2163 544 2179 ,
559 2134 800 2173 meretricum
814 2165 826 2181 ‚
841 2134 1004 2173 militum
1020 2164 1030 2181 ‚
1045 2134 1274 2175 rusticorum
1290 2167 1300 2184 ‚
1324 2149 1386 2176 re-

114 2199 208 2239 gum
221 2217 232 2235 ‚
256 2198 517 2239 tyrannorum
533 2218 545 2235 ‚
568 2187 746 2227 Deorum
760 2217 771 2234 ‚
790 2186 1045 2240 Dearumque
1061 2220 1072 2237 ‚
1093 2189 1132 2228 δι
1150 2191 1265 2229 cuius
1278 2190 1387 2230 non?

114 2240 228 2280 velut
250 2241 434 2293 imagines
456 2241 636 2294 quasdam
661 2242 710 2281 ab
729 2255 778 2281 eo
803 2242 922 2295 pictas
944 2243 1192 2282 admiremur.

168 2295 296 2334 XVII.
321 2295 392 2334 Sed
413 2295 599 2347 quorsum
627 2294 691 2335 ista
714 2294 898 2349 disputem
916 2325 926 2341 ‚
956 2309 1114 2349 quaeret
1145 2296 1299 2338 fortaffe
1321 2298 1387 2337 ali·

114 2348 229 2400 quis?
249 2349 438 2388 Nimirum
458 2350 509 2389 ita
528 2350 717 2389 rationem
737 2349 929 2390 subduco:
946 2352 1037 2403 quia
1051 2351 1246 2390 Lucianus
1261 2351 1386 2392 osten-

114 2402 253 2441 tandae
277 2402 522 2443 occafionem
551 2403 747 2443 doetrinae
775 2405 918 2444 nullam
951 2404 1046 2444 solet
1076 2404 1185 2445 facile
1209 2417 1385 2458 praeter-

116 2456 298 2504 mittere;
331 2459 420 2509 quia
448 2458 587 2498 nullius
610 2471 690 2498 non
717 2458 919 2497 hominum
947 2460 1097 2511 generis
1122 2461 1385 2507 characteres,

112 2522 268 2560 mores,
297 2510 524 2561 sententias,
550 2512 682 2555 verbis
705 2513 846 2567 cuique
868 2514 922 2553 rei
946 2514 1111 2567 propriis
1133 2515 1173 2554 δι
1198 2513 1304 2567 quast
1327 2514 1391 2559 soff
