1907 3101
565 201 661 260 604
763 201 876 249 DE
911 202 1165 250 AETATE
1197 203 1281 250 ET
1316 202 1616 250 AUCTORE

563 285 731 325 nominis
761 287 895 328 deinde
928 289 1177 329 similitudine
1198 289 1379 342 deceptos
1414 291 1585 331 librarios
1622 291 1661 330 in
1695 300 1818 332 unum

563 351 652 378 cum
681 339 928 381 samosatensi
955 344 1142 383 volumen
1161 343 1417 396 compegisse?
1446 345 1509 383 Ad
1533 346 1626 384 haec
1648 347 1713 397 qui
1735 346 1824 386 Phi·

563 392 731 444 lopatrin
754 409 844 435 cum
861 396 925 441 iis,
943 410 1041 449 quae
1053 398 1244 437 Lucianus
1258 395 1415 448 scripsit,
1435 400 1730 452 comparaverit,
1742 400 1819 438 Lu-

563 446 737 485 cianeum
753 448 826 488 effe
849 450 978 496 illum,
1003 451 1040 490 id
1062 450 1127 495 est,
1148 450 1311 490 Luciani
1327 452 1538 490 imitatione
1556 451 1754 504 scriptum,
1774 453 1816 492 δε

564 511 586 537 e
612 500 738 539 verbis
764 502 844 541 fere
874 503 1033 542 Luciani
1064 503 1224 544 senioris
1251 505 1349 542 illius
1379 505 1655 556 compilatum,
1688 519 1816 558 eoque

565 554 722 593 nomine
737 557 1020 596 commentariis
1041 557 1139 597 illius
1158 558 1372 596 immixtum
1395 560 1551 604 merito,
1571 571 1710 611 negare
1731 573 1818 611 pro-

564 604 668 648 fee’to,
692 608 760 647 vix
776 609 975 649 sustinebit.
1003 612 1132 663 Atque
1155 611 1229 651 hoc
1248 610 1299 651 est
1315 641 1327 657 ,
1351 611 1396 651 de
1417 625 1518 664 quo,
1544 624 1747 666 antequam
1771 613 1818 652 fi-

563 661 733 707 niamus,
753 663 877 715 aliqua
900 663 984 703 sunt
1008 665 1173 704 dicenda.

619 714 753 754 XLIII.
779 717 967 756 Nimirum
982 747 992 764 ‚
1016 718 1044 756 si
1066 719 1150 771 quis
1173 718 1318 757 nostras
1338 718 1605 758 annotationes
1629 718 1815 773 inspicere

562 767 757 815 voluerit,
778 769 839 809 ille
858 770 1086 823 cognoscet,
1102 771 1337 811 nullamfere
1359 771 1432 811 effe
1453 771 1720 812 exstantiorem
1734 772 1818 813 sen-

563 822 742 870 tentiam,
776 836 823 863 ne
852 825 999 877 phrasin
1025 826 1176 878 quidem
1204 836 1270 865 aut
1303 825 1453 865 versum
1481 827 1644 865 Homeri
1674 827 1818 880 allega-

563 885 669 920 tum,
694 889 792 929 quae
816 891 893 916 non
918 878 1045 916 iisdem
1070 892 1188 931 paene
1210 879 1337 919 verbis
1359 880 1394 917 in
1422 880 1486 924 iis,
1510 893 1608 931 quae
1627 881 1817 921 Lucianus

563 929 700 978 edidit,
719 933 972 981 reperiantur,
1001 934 1035 971 id
1058 933 1164 984 quod
1186 945 1327 972 temere
1346 932 1428 972 fieri
1450 945 1529 972 non
1552 934 1714 985 poruiffe
1740 935 1816 974 iam

564 981 677 1035 supra
705 983 845 1023 dietum
868 985 931 1024 est.
952 985 1131 1039 Exempla
1154 988 1227 1026 huc
1249 987 1455 1026 adscribere
1473 986 1712 1038 supersedeo:
1734 1001 1816 1028 non

563 1035 617 1074 est
631 1037 730 1076 enim
754 1038 890 1091 longus
907 1040 1101 1092 dialogus,
1124 1041 1164 1080 &
1183 1041 1335 1092 singulis
1355 1040 1433 1080 fere
1455 1041 1597 1092 paginis
1615 1040 1817 1093 specimina

563 1101 785 1131 occurrunt.
806 1092 875 1132 Sed
903 1093 993 1132 illud
1016 1105 1164 1133 tantum
1191 1095 1268 1133 hoc
1287 1095 1325 1132 in
1344 1096 1432 1133 loco
1455 1093 1646 1133 ostendam
1665 1125 1676 1141 ,
1693 1102 1815 1135 ‘oeco-

562 1145 731 1183 nomiam
749 1159 861 1198 quam
883 1159 1028 1186 vocant
1040 1177 1052 1193 ‚
1070 1147 1110 1186 &
1127 1147 1409 1200 dispositionem
1427 1147 1706 1200 philopatridis‚
1724 1161 1814 1188 cum

561 1197 647 1243 illa,
671 1211 768 1251 quae
787 1201 824 1238 in
849 1201 1012 1252 Nigrino
1035 1201 1089 1240 est
1111 1215 1133 1241 a
1153 1202 1323 1241 Luciano
1339 1202 1524 1249 adhibita,
1555 1214 1604 1240 ex
1627 1201 1701 1240 affe
1723 1215 1817 1242 con-

564 1253 709 1291 venire.
742 1252 786 1292 ln
811 1266 977 1307 utroque
1002 1255 1156 1308 dialogo
1185 1255 1249 1294 illa
1269 1256 1322 1295 est
1349 1254 1456 1307 quasi
1485 1255 1663 1308 primaria
1684 1256 1817 1309 hypo-

563 1305 701 1352 thesis,
724 1318 767 1346 ut
791 1319 916 1347 narret
932 1309 1061 1348 amico
1083 1310 1226 1349 amicus
1248 1309 1438 1350 sermones
1459 1322 1479 1347 a
1500 1307 1537 1348 se
1555 1310 1708 1349 auditos
1727 1313 1816 1362 ἐνερ-

565 1362 874 1412 γιττικωτέιτους,
899 1363 938 1400 in
963 1375 1062 1414 quos
1085 1363 1184 1402 forte
1213 1362 1369 1402 fortuna
1393 1364 1433 1401 δι
1459 1362 1566 1414 quast
1589 1362 1817 1404 transeundo

562 1413 753 1452 inciderit:
787 1415 824 1453 in
848 1415 1012 1466 Nigrino
1034 1417 1184 1467 quidem
1208 1415 1421 1469 philosophi
1444 1416 1627 1455 Platonici
1642 1446 1652 1458 ,
1682 1416 1818 1470 Sophi-

565 1465 706 1505 ssarum
728 1471 966 1520 quorundam
988 1471 1025 1508 in
1039 1471 1303 1522 Pliilopatride.
1326 1472 1374 1510 Hi
1392 1469 1584 1510 sermones
1597 1470 1728 1510 deinde
1751 1484 1817 1523 ap-

529 1570 531 1573 v
567 1521 779 1571 probantur
804 1523 840 1561 in
862 1524 1026 1574 Nigrino
1050 1525 1091 1563 &
1111 1524 1312 1563 laudantur
1336 1525 1383 1562 ab
1403 1536 1452 1562 eo
1467 1555 1478 1572 ,
1497 1524 1566 1575 qni
1589 1525 1751 1576 primum
1773 1525 1817 1564 il-

563 1576 623 1613 los
646 1575 771 1614 audit:
797 1576 834 1614 in
858 1576 1113 1629 Philopatride
1135 1589 1261 1617 autem
1283 1578 1481 1616 irridentur
1502 1581 1542 1616 δι
1558 1578 1817 1617 condemnan-

563 1639 636 1667 tur.
672 1627 836 1668 Effeehis
861 1631 1041 1683 utrinque
1063 1631 1160 1670 idem
1184 1632 1263 1679 est,
1281 1631 1432 1684 insignis
1458 1631 1602 1677 animi,
1623 1632 1818 1684 corporis-

565 1696 641 1732 que
665 1682 759 1722 adeo
782 1685 965 1730 mutatio,
992 1685 1254 1725 vehementior
1276 1686 1338 1724 illa
1365 1685 1517 1737 quidem
1535 1686 1572 1723 in
1593 1685 1819 1739 philopatri-

565 1741 634 1783 de,
665 1736 702 1774 in
734 1737 922 1789 Nigrino,
951 1752 1022 1790 pro
1053 1738 1193 1778 obieffi
1219 1738 1352 1778 scilicet
1375 1739 1547 1784 ratione,
1571 1738 1706 1779 lenior.
1737 1739 1816 1778 lam

564 1789 879 1844 occasiodialogi
916 1791 1108 1844 utriusque
1140 1792 1192 1832 est
1222 1792 1402 1832 occursus
1432 1792 1615 1831 fortuitus
1646 1793 1817 1833 duorum

564 1857 742 1883 veterum
774 1847 1008 1893 amicorum,
1041 1860 1209 1897 quorum
1238 1849 1395 1885 miratur
1417 1846 1510 1884 alter
1533 1845 1693 1885 subitam
1717 1847 1816 1886 alte-

566 1899 643 1937 rius
671 1898 986 1939 immutationem.
1015 1900 1117 1938 Tum
1145 1913 1211 1952 per
1240 1901 1426 1939 maximas
1447 1899 1623 1951 ambages
1643 1901 1819 1951 perveni-

565 1961 628 1990 tur
655 1952 803 1991 tandem
838 1953 882 1992 ad
910 1965 1023 2005 caput
1049 1954 1203 1999 causae,
1230 1955 1269 1992 in
1295 1954 1460 2006 Nigrino
1486 1966 1612 1991 moras
1642 1953 1815 1993 nee‘tente

567 2005 664 2058 ipso,
681 2007 746 2058 qui
762 2018 911 2053 narrat,
939 2006 1225 2060 prooemiisque
1246 2008 1403 2046 alterum
1430 2007 1641 2058 ingentibus
1661 2006 1819 2060 fatigan-

566 2070 626 2103 te:
652 2061 687 2097 in
711 2060 841 2100 nostro
869 2072 1020 2113 arrepta
1047 2061 1284 2100 iurisiurandi
1307 2062 1498 2100 mentione
1513 2091 1524 2105 ,
1544 2073 1565 2098 a
1585 2060 1727 2108 Criria,
1750 2061 1818 2111 qui

565 2126 713 2157 narrar,
735 2114 963 2165 praestandi,
984 2115 1157 2166 Triepho
1174 2115 1398 2167 praecipuos
1421 2114 1614 2165 gentilium
1628 2114 1737 2153 Deos
1753 2115 1818 2153 sal-

565 2166 602 2205 se
626 2167 848 2220 perstringit.
879 2168 965 2207 Post
983 2169 1235 2208 narrationem
1259 2168 1426 2221 sequitur
1448 2170 1483 2206 in
1509 2180 1675 2220 utroque
1698 2169 1818 2207 dialo-

566 2234 617 2273 go
642 2220 818 2267 effecius,
840 2223 961 2273 quiin
990 2234 1164 2262 narrante
1194 2222 1354 2274 primum
1379 2222 1524 2267 suerat,
1549 2235 1634 2260 cum
1655 2234 1726 2267 eo,
1752 2222 1817 2260 cui

566 2288 720 2323 narrat,
742 2276 1043 2315 communicatio
1059 2307 1069 2323 ‚
1093 2289 1192 2328 quae
1221 2277 1427 2328 utrobique
1450 2276 1616 2314 adhibita
1639 2276 1683 2317 de
1710 2275 1814 2314 canis

567 2329 683 2367 rabidi
714 2329 840 2368 morsu
872 2329 1110 2369 similitudine
1133 2330 1357 2381 explicatur.
1390 2330 1428 2367 ln
1454 2329 1715 2382 Pliilopatrirlis
1740 2328 1817 2366 fine

566 2383 717 2420 ‹lemum
749 2383 852 2435 quasi
887 2383 1121 2436 catastrophe
1154 2385 1338 2435 quaedam
1375 2383 1569 2428 adiicitur,
1600 2383 1723 2421 brevis
1754 2381 1816 2420 illa

565 2437 741 2486 quidem,
776 2436 836 2475 sed
870 2450 969 2489 quae
997 2437 1104 2477 causa
1128 2435 1315 2475 scribendi
1344 2437 1490 2476 auctori
1519 2435 1658 2474 exstitit
1681 2434 1817 2487 procul

565 2490 701 2531 dubio.
720 2491 899 2531 Porciam
921 2493 1013 2530 haec
1039 2491 1202 2544 amplius
1223 2490 1368 2544 singula
1386 2490 1551 2537 dilatari,
1581 2488 1640 2531 sed
1663 2498 1818 2537 metuo,
