1907 3101
526 185 613 233 572
748 168 836 215 DE
874 169 1132 218 AETATE
1165 173 1255 219 ET
1285 173 1587 222 AUCTORE

517 261 635 310 igitur
659 258 745 299 satis
760 290 773 306 ,
800 261 962 314 opinor,
987 261 1214 310 ostendunt,
1238 277 1319 304 non
1339 278 1390 305 eo
1409 276 1585 319 tempore
1604 266 1794 320 scriptum.

520 311 846 365 Philopatridem,
871 328 963 355 cum
990 317 1222 357 calamitates
1248 319 1423 371 publicae
1453 333 1521 372 per
1550 320 1685 360 orbem
1713 333 1791 361 ter-

522 380 655 407 rarum
676 367 949 420 grassarentur,
973 369 1035 409 sed
1056 371 1142 410 satis
1162 371 1264 411 laeto
1285 373 1520 426 reipublicae
1541 373 1664 422 statu,
1682 374 1791 416 secus

525 433 641 473 atque
665 424 754 462 viro
780 421 993 463 dociiffimo
1017 424 1231 464 videbatur.

581 476 672 515 XV.
699 477 886 529 Magnum
915 490 1058 517 nomen
1085 480 1271 519 HENR1c1
1298 478 1537 520 Donwtm
1570 480 1794 533 praesertim

524 529 566 568 in
584 528 660 568 suis
687 532 827 583 cuique
845 531 947 570 libro
967 533 1208 585 temporibus
1229 531 1464 585 assignandis.
1490 533 1556 573 Ille
1581 535 1694 574 etiam
1719 534 1799 574 ali--

524 584 681 634 quando
696 584 870 624 Luciano
892 585 1083 639 adscripsit
1101 586 1360 639 Philopatrin:
1384 586 1445 626 sed
1463 599 1600 628 contra
1614 587 1650 628 se
1668 587 1794 642 dispu-

527 638 634 676 tandi
659 637 914 678 necessitatem
936 640 1051 680 nobis
1074 640 1239 687 remisit,
1271 641 1336 693 qui
1364 640 1586 680 sententiam
1608 641 1684 695 ipse
1707 655 1794 681 mu-

529 691 628 730 tarit.
652 693 788 745 Itaque
802 692 888 731 satis
912 706 1033 746 prope
1055 693 1168 733 fuerit
1182 725 1193 742 ,
1218 694 1384 734 diversas
1405 696 1479 733 viri
1505 696 1710 747 opiniones
1731 709 1794 736 re-

527 745 639 784 ferre.
664 746 707 785 In
728 746 984 786 dissertatione
1004 748 1049 786 de
1073 746 1299 788 fortitudine
1323 749 1547 800 Martyrum
1571 749 1691 802 (quae
1705 749 1794 800 Cy-

529 800 787 851 prianicarum
812 800 884 840 XlI
907 800 984 853 est)
1014 801 1028 850 ἕ
1049 815 1120 850 24,
1145 803 1319 842 Luciano
1338 803 1378 841 &
1402 804 1457 841 M.
1484 804 1671 842 Antonini
1696 815 1794 843 tem-

528 854 691 905 poribus
720 855 947 893 attribuerat
969 855 1218 909 Philopatrin.
1245 856 1291 895 In
1315 855 1572 896 dissertatione
1597 869 1610 891 1
1641 857 1687 896 de
1709 858 1794 898 iure

529 907 733 947 Laicorum
756 907 977 948 sacerdotali
1001 922 1085 961 pag.
1110 909 1210 957 284,
1236 910 1281 948 de
1306 911 1443 950 eodem
1464 910 1550 948 dicit
1566 940 1576 958 ,
1600 911 1711 960 Quem
1733 924 1795 962 ego

534 961 686 1000 Traiano
710 963 807 1014 longe
831 963 1033 1001 recentiorem
1049 962 1157 1015 fiuſj'e
1177 964 1345 1017 existimo,
1369 964 1403 1002 δ’
1425 964 1498 1015 ipso
1509 962 1653 1015 fhrtaſje
1671 965 1802 1004 Lucia-

528 1030 586 1054 no.
611 1015 682 1055 Sed
701 1015 738 1054 in
760 1015 1016 1056 dissertatione
1037 1018 1082 1056 de
1102 1016 1247 1058 Isidoro
1261 1017 1492 1057 Characeno
1514 1028 1550 1064 2,
1567 1017 1583 1067 §
1610 1030 1651 1068 5,
1671 1031 1706 1070 p.
1722 1019 1798 1072 63,

533 1070 612 1114 ait,
638 1070 747 1108 Anno
774 1071 892 1122 Christi
920 1071 1037 1117 CCII,
1062 1086 1128 1123 quo
1156 1073 1300 1110 Severus
1330 1073 1516 1124 Imperator
1536 1070 1796 1124 persecutionem

533 1123 568 1162 in
596 1124 799 1174 Christianos
814 1125 1053 1163 Alexandreae
1073 1126 1269 1172 decreverit,
1294 1128 1371 1165 huic
1388 1126 1609 1179 persecuu‘oni
1627 1126 1797 1179 Philopa-

533 1178 746 1230 tria'efiripto
764 1178 1060 1231 quafipraelufiffe
1074 1179 1277 1225 Ludanum,
1291 1181 1452 1230 praevias
1467 1179 1682 1232 persecutioni
1697 1195 1795 1230 κωμ-

534 1231 652 1280 roslar
675 1244 871 1271 memorante
892 1233 1107 1272 Antiocheno
1131 1233 1323 1286 Theophila
1359 1234 1488 1273 Liceat
1523 1233 1583 1273 hic
1605 1233 1711 1287 quast
1733 1234 1797 1272 in·-

531 1284 733 1337 teipellare
752 1286 1017 1326 Dodwellum.
1053 1286 1278 1339 Spartianus
1301 1288 1338 1326 in
1359 1288 1504 1327 Severo
1523 1299 1557 1326 c.
1589 1301 1657 1336 17,
1679 1300 1799 1341 quem

534 1339 684 1387 laudat,
706 1353 787 1379 non
812 1339 1085 1385 Alexandriae,
1110 1339 1170 1379 sed
1194 1342 1229 1379 in
1248 1342 1360 1380 itinere
1384 1355 1406 1381 e
1429 1341 1541 1393 Syria
1556 1340 1689 1380 versus
1712 1354 1801 1383 eam,

535 1395 696 1438 urbem,
726 1394 916 1433 decretam
942 1395 993 1432 ait
1020 1391 1335 1446 persecutionem.
1364 1396 1531 1440 Iudaeos,
1555 1395 1705 1447 inquit,
1719 1396 1801 1447 fieri

528 1450 594 1498 jub
611 1448 709 1500 gravi
725 1462 836 1500 poena
850 1448 966 1486 vetuit.
994 1448 1083 1486 Idem
1108 1451 1207 1488 etiam
1225 1452 1262 1488 de
1282 1449 1478 1503 Christianis
1499 1448 1636 1500 sanxit.
1662 1453 1798 1499 Κωμῳ-

537 1500 626 1540 ὃίας
650 1501 729 1540 illas
750 1502 850 1553 apud
873 1501 1135 1554 Theophilum
1155 1515 1233 1541 non
1256 1501 1475 1542 observavi.
1501 1502 1573 1541 Sed
1589 1503 1681 1556 quid
1707 1516 1802 1554 por-

537 1568 584 1594 ro
607 1554 864 1595 Dodwellus?
898 1555 938 1593 In
963 1558 1073 1594 eadem
1110 1558 1185 1595 urbe
1207 1557 1425 1595 Alexandria
1444 1557 1609 1608 scriptum
1634 1556 1803 1609 Philopa-

538 1610 604 1647 trl'n
627 1622 822 1660 argumento
847 1609 910 1661 eff'e
934 1610 1165 1648 Alexandrini
1194 1612 1310 1661 mensis
1330 1626 1447 1650 nomen
1474 1609 1606 1659 Mesbri
1637 1608 1690 1662 (c.
1708 1611 1800 1664 22.)

540 1665 648 1713 Quod
667 1676 777 1702 autem
799 1663 933 1701 Arabes
957 1663 1102 1715 hostibus
1125 1664 1357 1714 accensentur,
1379 1664 1425 1716 (c.
1457 1664 1532 1716 28)
1553 1665 1591 1702 id
1602 1663 1718 1715 fizcere
1731 1693 1741 1710 ‚
1758 1680 1798 1702 ne

537 1718 614 1769 quis
636 1718 727 1755 alius
744 1718 904 1769 Princeps
920 1745 929 1760 ,
947 1730 1080 1768 praeter
1101 1719 1258 1757 Severum
1273 1748 1285 1763 ,
1305 1718 1443 1771 intelligi
1458 1717 1558 1771 poffit
1571 1718 1643 1757 διε.
1661 1717 1807 1758 Similia

538 1771 627 1809 sunt
640 1801 649 1817 ,
667 1783 766 1824 quae
783 1770 948 1822 disputat
962 1771 1081 1810 Prael.
1095 1771 1277 1811 Camden.
1294 1786 1334 1820 7,
1352 1787 1386 1822 p.
1403 1784 1478 1824 307
1494 1771 1569 1823 seq.
1590 1770 1741 1823 Quanti
1757 1784 1804 1812 ea

538 1825 611 1863 sint
628 1856 637 1871 ‚
661 1838 749 1864 cum
781 1825 932 1864 aliunde
962 1837 1012 1863 ex
1046 1825 1116 1865 hac
1145 1825 1397 1865 dissertatione
1421 1827 1460 1864 &
1485 1826 1803 1865 annotationibus

538 1879 585 1918 ad
610 1879 844 1931 Philopatrin
869 1878 1006 1917 nostris
1037 1878 1210 1918 constare
1239 1879 1385 1933 potest,
1416 1890 1499 1918 tum
1521 1878 1597 1932 ipse
1622 1878 1802 1919 indicavit

539 1933 846 1978 Donwnuus,
876 1932 942 1985 qui
971 1933 1011 1971 in
1042 1933 1156 1972 literis
1187 1933 1233 1971 ad
1269 1934 1520 1978 MOYLmM,
1554 1945 1651 1984 quas
1682 1933 1805 1984 paulo

538 1987 625 2041 post
652 1987 892 2026 laudabimus
909 2017 918 2031 ,
948 1998 1095 2025 novam
1127 1986 1346 2026 sententiam
1373 1986 1643 2026 defendendam
1677 1985 1804 2026 susce·

538 2043 657 2094 perit,
686 2040 864 2093 scriptum
896 2053 1032 2093 nempe
1060 2041 1229 2080 libellum
1253 2041 1301 2080 A.
1329 2040 1374 2080 C.
1404 2050 1564 2085 cccxl,
1590 2039 1637 2078 ad
1671 2053 1804 2079 recen-

539 2108 617 2135 tem
639 2096 815 2134 nuntium
838 2094 1046 2141 viaoriae,
1067 2108 1184 2147 quam
1204 2107 1226 2132 a
1242 2094 1359 2134 Persis
1371 2094 1598 2134 Odenathus
1617 2094 1804 2134 retulerit.

541 2150 663 2201 Quae
691 2149 824 2187 deinde
844 2161 917 2201 pro
940 2148 1067 2188 nostra
1092 2149 1261 2188 dicemus
1280 2147 1491 2196 sententia,
1520 2160 1566 2189 ea
1593 2147 1681 2188 huic
1704 2161 1801 2188 con-

539 2203 708 2244 iefiurae
729 2202 960 2242 evertendae
986 2213 1166 2254 putamus
1190 2202 1370 2242 sufficere.

595 2256 703 2297 XVI.
729 2256 907 2295 Perduxit
938 2268 1010 2294 nos
1041 2257 1141 2296 ordo
1172 2255 1437 2309 disputationis
1462 2254 1653 2294 institutus
1682 2254 1729 2294 ad
1758 2266 1806 2294 ea

540 2322 790 2364 argumenta,
812 2323 834 2349 e
855 2310 997 2362 quibus
1014 2311 1249 2361 generatim,
1267 2310 1426 2350 Luciani
1452 2321 1534 2349 non
1556 2307 1630 2348 effe
1657 2307 1807 2349 foetum

591 2405 602 2424 1
629 2392 713 2425 Cum
740 2390 841 2424 Grotii
860 2389 929 2423 diff.
952 2390 991 2422 de
1012 2389 1148 2424 coenae
1205 2389 1292 2424 edita
1312 2389 1415 2422 Lond.
1436 2388 1532 2429 1685.

541 2436 832 2476 administratione,
847 2434 1061 2468 ubiPastores
1079 2445 1147 2467 non
1263 2445 1282 2466 2
1316 2435 1355 2468 In
1377 2432 1583 2479 Geographis
1605 2430 1806 2476 Hudfimian-

540 2481 635 2524 sunt,
661 2481 694 2515 &
731 2481 806 2515 aliis
833 2480 938 2514 huius
965 2479 1148 2525 argumenti
1205 2478 1251 2512 To
1275 2477 1322 2513 11.
