1907 3101
354 209 1034 256 INNERONEM.
1245 227 1330 277 553

78 298 116 337 in
140 295 223 337 Mff.
247 295 474 344 discrimine,
505 292 542 337 οῦ
563 298 642 351 ’γὰρ
664 294 736 339 οἶδὮ
760 297 799 344 δ’,
820 312 860 337 τι
891 312 925 336 κ.
949 312 988 338 τ.
1012 310 1048 337 Λ.
1073 298 1114 338 δι
1140 296 1191 337 slc
1213 297 1336 338 inter-

80 361 251 403 pretatus
270 349 362 390 sum.
382 349 510 390 stx.

135 407 208 443 ead.
235 404 260 443 l.
281 419 317 452 4.
342 405 395 442 Ἐς
419 404 534 444 &riske
556 400 653 444 οὕτω
676 403 973 458 φροντιστήριον)
999 405 1161 445 Videtur
1190 404 1335 459 fingere

80 458 235 505 aueior,
266 457 486 498 Musonium
510 459 546 496 in
570 471 722 498 carcere
756 459 818 498 vel
849 460 1009 498 vinculis
1032 470 1133 499 certe
1170 459 1338 500 scholam

79 512 142 551 hic
164 511 325 559 habere,
353 512 453 552 circa
474 511 593 565 ipsum
616 511 718 552 forte
743 525 841 566 opus
864 514 980 566 paulo
1002 525 1088 552 ante
1114 513 1288 553 reliCium
1312 527 1334 553 a

78 564 248 605 Nerone.
271 565 398 605 stN.

130 620 203 657 ead.
227 619 250 658 l.
271 618 307 658 8.
322 622 377 657 Τὰ
397 618 614 671 Ὀλύμπιοι)
639 620 729 659 Vid.
755 619 923 660 Philostr.
948 634 984 674 p.
1014 632 1098 673 192.
1123 620 1281 661 SOLAN.

129 674 202 711 ead.
222 673 245 710 l.
263 685 301 723 9.
323 675 378 711 Τὰ
397 675 476 726 ’γὰρ
496 672 644 725 Πύθιοι)
671 672 885 722 Absolute,
915 686 959 713 ut
980 675 1134 714 Lucian.
1156 675 1282 714 Prom.
1310 678 1332 724 §

74 739 115 778 7,
138 729 182 764 τὸ
200 728 279 779 ’γὰρ
294 725 361 767 τῆς
382 725 598 766 κλεπτικῆς.
621 727 744 767 (ἓεςΝ.

128 781 202 819 ead.
222 781 245 818 l.
265 794 323 829 14.
345 779 410 820 Τόν
434 795 479 819 τε
498 780 660 825 βασιλέα
682 781 755 821 τῶν
776 779 838 820 ἐπὶ
863 782 929 823 τὴν
950 781 1094 833 Τροίαν)
1110 782 1196 821 Rex
1216 783 1335 821 Achi-

77 845 218 871 vorum
249 833 410 873 Troiam
444 835 776 886 oppugnantium,
811 835 875 887 qui
908 835 1104 874 Euboeam
1142 835 1337 875 absciderit·

74 885 282 934 Boeotiae,
314 887 438 927 nescio
463 900 511 926 an
534 886 690 940 usquam
717 900 965 927 memoretur.
990 887 1103 928 Certe
1134 890 1228 928 nihil
1252 890 1338 929 Ho-

76 952 226 986 merus,
247 940 339 979 nihil
365 940 598 993 Geographi.
620 940 767 981 Contra
789 954 811 980 a
831 954 970 981 natura
992 942 1185 981 absciffam
1203 956 1338 983 omnes

74 993 276 1032 affirmant.
299 993 485 1045 Suspicari
508 995 596 1034 licet
614 995 754 1048 aliquid
780 996 840 1034 hic
865 995 1060 1035 excidiffe:
1085 1009 1221 1048 nempe
1244 997 1339 1040 dixit

73 1045 174 1087 forte
199 1047 331 1086 anaor
358 1051 402 1087 de
429 1048 489 1086 illa
513 1049 724 1088 Homerica
762 1047 855 1088 foffa
885 1049 927 1088 11.
954 1054 1004 1098 H,
1032 1049 1204 1089 Nestoris
1226 1049 1337 1090 suasu

77 1099 196 1148 fa&a;
218 1101 351 1142 deinde
374 1102 595 1152 Neptunum
623 1103 944 1142 commemoravit
959 1133 970 1148 ,
986 1103 1052 1155 qui
1074 1103 1238 1156 Libyam
1257 1106 1338 1143 He-

75 1153 217 1202 speria,
241 1156 277 1193 id
305 1155 378 1201 est,
407 1154 611 1208 Hispania,
639 1156 738 1196 circa
762 1156 889 1196 Gades
910 1156 1154 1204 disiunxerit,
1173 1157 1338 1197 Siciliam

73 1208 266 1259 abruperit
290 1209 339 1247 ab
359 1209 486 1255 ltalia,
511 1222 532 1247 a
551 1209 710 1249 Boeotia
733 1211 941 1250 Euboeam.
960 1209 1138 1256 Omiffis,
1161 1224 1258 1263 quae
1283 1213 1340 1250 in-

75 1261 230 1301 reriezsta
258 1262 432 1308 fuerant,
465 1261 563 1302 male
595 1263 668 1301 iam
701 1264 982 1316 Agamemnoni
1022 1264 1201 1303 tribuitur
1237 1277 1339 1315 opus

74 1314 268 1368 Neptuni,
292 1316 367 1355 hoc
390 1315 465 1361 est,
489 1315 602 1367 ipsius
626 1328 798 1357 naturae.
828 1318 936 1356 Haec
964 1316 1143 1369 suspicari
1173 1317 1227 1357 fas
1256 1318 1339 1358 fue-

71 1370 142 1416 rit,
173 1382 220 1408 ne
258 1370 371 1409 nimis
404 1369 618 1409 incredibile
645 1371 784 1423 aliquid
813 1371 874 1410 hic
913 1371 1055 1410 dicatur
1088 1384 1137 1410 ex
1175 1371 1338 1422 persona

71 1421 253 1461 Musonii.
267 1422 452 1463 Ceterum
474 1424 541 1474 qui
563 1423 832 1476 perfoffionem
858 1424 986 1463 Isthmi
1003 1424 1242 1464 Corinthiaci
1257 1435 1339 1464 ten-

70 1477 210 1524 tarint,
234 1477 309 1515 vid.
335 1476 426 1516 Plin.
449 1477 500 1515 H.
528 1477 576 1516 N.
605 1476 678 1524 IV,
698 1494 746 1527 4,
771 1477 794 1515 s.
817 1493 847 1529 5.
875 1479 1041 1517 Neronis
1065 1490 1247 1517 conatum
1273 1479 1338 1518 de-

70 1529 194 1569 scribit
209 1559 221 1576 ,
238 1531 410 1569 admixtis
431 1529 701 1582 superstitionis
729 1531 974 1583 quibusdam,
997 1531 1231 1571 credulitatis
1254 1545 1337 1572 cer-

69 1594 107 1623 te
133 1582 320 1635 vestigiis,
348 1584 564 1635 Xiphilinus
585 1597 606 1623 e
636 1584 777 1624 Dionis
799 1585 820 1624 l.
846 1587 910 1634 63,
931 1599 969 1637 p.
992 1598 1083 1635 722.
1109 1584 1238 1625 GnsN.

126 1638 220 1688 Pag.
238 1651 324 1689 297.
343 1638 368 1676 l.
387 1652 420 1690 3.
439 1637 507 1676 Καὶ
528 1639 617 1685 πρὸς
631 1638 776 1677 τούτοις
790 1641 834 1678 τὶ)
849 1638 902 1677 sa’
917 1639 1044 1691 ὀλίγου
1064 1635 1242 1679 ἀλλήλοις
1257 1639 1340 1678 ἑπιο

71 1689 184 1741 μίξαι
205 1692 359 1730 πάντας
384 1691 529 1730 εἴσαιτο
552 1692 617 1730 τὴν
634 1690 806 1730 ‘Endesa
826 1693 1012 1743 λαμπρῶς
1030 1690 1234 1732 ἑστιᾶσθαι
1257 1692 1339 1732 τοῖς

72 1744 228 1795 ε’ξωθεν)
257 1744 488 1785 Perobscure
513 1744 677 1792 dictum,
703 1758 747 1785 ac
769 1746 988 1797 neutiquam
1014 1745 1225 1785 Lucianice.
1255 1746 1334 1786 Ac-

78 1797 182 1837 ceffit
205 1811 283 1837 non
309 1809 465 1838 notatus
490 1797 721 1838 interductus
748 1798 829 1850 post
852 1800 1018 1838 πάντας.
1043 1799 1140 1838 Nam
1175 1799 1248 1839 effe
1274 1799 1339 1839 de·

76 1852 183 1897 buit,
201 1853 264 1891 καὶ
279 1856 365 1903 προς
389 1853 533 1892 τούτοις
548 1854 590 1890 τὶ)
610 1852 663 1891 «Ν
680 1852 809 1906 §Myon
834 1851 1012 1902 ἐπιμῖξαι
1029 1853 1198 1901 πάντας,
1223 1852 1341 1892 εἴσαι-

75 1920 118 1944 το
140 1905 207 1946 Tim
223 1905 393 1945 (Ελλάέα.
413 1905 593 1956 λαμπρῶς
615 1904 821 1944 {rucio-3521
843 1905 919 1944 τοῖς
937 1905 1076 1956 ἔξωθεν.
1104 1907 1240 1946 Praeter
1254 1908 1337 1946 haec

76 1959 269 2011 cogitavit
292 1960 415 2006 etiam,
438 1961 576 2012 quodsi
600 1975 711 1998 omnes
739 1958 910 1998 Graecos
932 1960 1120 2012 compendio
1139 1960 1198 2012 isto
1214 1963 1266 2012 stc
1286 1961 1338 1998 in-

77 2026 127 2051 ter
139 2012 178 2063 fi
191 2013 451 2065 permiscufft,
472 2014 636 2052 videretur
658 2013 826 2052 extraneis
851 2013 1026 2051 Graeciam
1038 2013 1216 2063 splendido
1236 2016 1334 2066 quasi

76 2066 174 2117 epulo
191 2067 357 2119 accepzffi.
373 2067 487 2107 Nunc
508 2068 672 2120 pretium
693 2066 907 2111 advertere,
923 2066 1242 2119 quemadmodum
1261 2067 1339 2106 Iac.

77 2120 266 2170 Micyllus
288 2122 493 2172 interpres,
516 2121 582 2173 qui
610 2120 654 2159 de
682 2133 760 2159 non
786 2118 946 2172 peffimis
971 2119 1044 2166 est,
1074 2133 1151 2159 rem
1179 2119 1339 2172 gefferit.

78 2176 194 2226 Supra
221 2175 333 2213 omnia
358 2186 469 2213 autem
498 2175 603 2220 llaec,
627 2174 774 2225 lnquit,
799 2174 897 2212 etiam
925 2174 1013 2212 illud
1037 2175 1208 2225 putabat,
1231 2174 1340 2212 Grae-

80 2228 164 2267 ciam
191 2242 252 2278 per
272 2229 334 2268 lzoc
354 2259 365 2276 ‚
386 2231 477 2280 quod
502 2228 591 2267 brevi
620 2229 704 2266 adeo
729 2243 841 2267 omnes
869 2228 956 2265 inter
978 2227 1017 2278 fi
1042 2227 1166 2278 misceri
1186 2226 1339 2279 paffent,

81 2293 200 2320 contra
226 2293 354 2321 exteros
372 2282 547 2333 splendide
579 2283 662 2319 adeo
679 2281 866 2333 stabilitum
893 2281 945 2319 iri.
980 2279 1082 2319 Proh
1114 2279 1262 2332 Apollo
1297 2280 1338 2319 &

80 2334 211 2375 Musae
245 2335 604 2375 Pseudolucianicae
624 2337 631 2376 l
656 2334 735 2373 Ita?
760 2333 966 2373 ἑστιᾶσῧοιι
988 2336 1030 2386 est
1044 2335 1232 2386 stabilitum
1261 2334 1340 2373 iri?

81 2389 194 2429 Haud
221 2389 296 2428 vidi
319 2391 457 2442 magis:
487 2388 660 2428 miserum
683 2388 892 2427 Lucianum
907 2417 919 2433 ,
947 2388 1014 2439 qui
1035 2387 1103 2425 sub
1124 2398 1201 2425 tam
1228 2387 1338 2426 lentis

82 2443 241 2481 maxillis
253 2473 266 2488 ,
282 2442 323 2481 δι
338 2443 440 2482 hunc
454 2442 791 2482 Pseudolucianum
807 2471 820 2487 ‚
841 2440 904 2493 qui
930 2439 979 2480 fic
996 2440 1062 2480 sub
1086 2441 1243 2480 Luciani
1263 2440 1341 2492 pel-

79 2496 116 2537 le
136 2496 304 2549 vapulat.
321 2495 543 2537 Ἑοτιᾶσῖιοιι
566 2507 691 2537 autem
713 2494 887 2536 Ἐλλάὲοι
907 2493 967 2535 hic
991 2493 1266 2535 Ψευὸολυκῖνος
1289 2493 1341 2534 di·
