1907 3101
547 190 640 231 ,402
745 166 1620 217 ANN‘OTATIONES

546 262 652 309 sunt;
677 274 836 314 quoque
860 260 968 314 plura
996 259 1166 312 stigmata
1191 270 1330 313 gerunt
1347 290 1358 307 ,
1384 270 1493 299 tanto
1524 258 1730 299 &mitiores
1757 259 1824 300 hb

549 317 707 355 bentur:
734 315 864 354 saneto
890 315 991 354 enim
1016 315 1130 353 titulo
1151 327 1286 354 omnes
1307 314 1501 360 decorant,
1528 314 1593 365 qui
1617 314 1678 352 vel
1698 315 1826 353 tantil-

547 370 625 408 lum
648 369 805 408 ridiculo
826 369 897 407 isto
919 368 1027 407 sacro
1049 369 1184 407 initiati
1212 367 1323 414 sunt;
1348 366 1407 406 sed
1428 368 1544 419 longe
1570 366 1719 407 facilius
1735 380 1823 406 cor·

548 423 633 475 pori
658 435 771 462 notae
796 424 1022 468 inuruntur,
1046 435 1186 474 quam,
1209 433 1308 474 quae
1328 433 1422 459 vera
1447 420 1620 459 sanftitas
1643 420 1720 468 est,
1743 421 1824 460 ani-

548 477 598 514 mi
624 477 795 516 maculae
819 476 1096 528 absterguntur.
1123 476 1282 516 SOLAN.
1315 475 1368 514 Ut
1389 475 1434 520 ii,
1456 475 1522 527 qui
1547 475 1658 513 hodie
1683 475 1824 515 Hiero-

548 529 739 581 solymam
766 542 872 569 eunt.
894 541 949 568 LA
967 530 1124 569 CRozE.

602 585 682 623 ibid.
694 583 882 635 Καρποῦς)
898 583 960 622 De
976 583 1103 636 carpis,
1120 595 1301 621 manuum
1320 580 1487 634 partibus
1499 610 1510 627 ,
1529 580 1590 620 hic
1605 579 1822 620 sermonem

547 636 656 689 effex
671 638 907 689 perspicuum
929 636 1003 684 est3
1028 636 1088 676 sed
1113 637 1203 688 quia
1229 638 1368 686 καρπὸς
1395 635 1508 674 etiam
1530 633 1688 685 sutelas,
1709 636 1825 674 dece-

548 702 636 743 ptus
652 692 703 730 est
724 691 985 743 Augustinus,
1007 691 1124 729 verba
1145 689 1276 729 Psalmi
1298 688 1389 735 128,
1414 703 1434 727 2
1453 719 1464 736 ‚
1489 689 1575 727 τοὺς
1591 687 1721 727 πόνους
1743 688 1820 728 τοῖν

546 745 699 798 καρπῶν
720 759 785 784 σου
803 745 983 797 φάγεσαι
998 775 1006 790 ,
1029 745 1208 790 reddens,
1229 745 1357 782 labores
1370 742 1544 794 fiuHuum
1565 753 1698 781 tuorum
1719 758 1822 781 man-

546 801 715 846 ducabis,·
737 812 824 838 cum
848 799 914 844 sit,
935 799 1045 836 labore
1062 813 1222 836 manuum
1245 809 1382 835 tuarum
1403 797 1552 847 vestitor,
1573 796 1671 835 bene
1686 795 1820 839 obser-e

548 864 666 892 vante
688 853 908 898 Gmakero,
936 852 971 889 in
990 852 1101 891 Cinn.
1117 865 1151 903 p.
1172 865 1222 888 m.
1239 863 1325 902 245.
1352 849 1501 890 ΚΕΗ-Ζ.

602 909 676 945 ead.
693 908 719 944 l.
740 920 770 955 5.
787 905 919 958 Κεῖνοι)
937 905 1065 951 Bene,
1083 918 1154 957 pro
1172 904 1312 948 ἐκεῖνοι,
1337 918 1373 941 ν.
1391 903 1520 955 supra,
1544 914 1575 941 c.
1591 903 1649 941 16.
1667 903 1818 943 REITZ.

602 961 683 1000 ibid.
710 959 801 1008 Τὶἷσι
816 959 1050 1011 παρθένοισι)
1066 959 1151 1010 Leg.
1166 958 1236 997 Iul.
1253 957 1390 996 Pollux
1407 958 1489 996 libr.
1505 956 1572 995 Ill.
1589 956 1821 996 Demosthe-

549 1013 606 1052 nis
621 1013 872 1059 Encomium‚
895 1013 998 1065 quod
1023 1012 1207 1065 sequitur,
1226 1024 1304 1050 non
1331 1011 1403 1050 effe
1431 1011 1611 1057 Luciam,
1638 1011 1709 1049 iam
1737 1024 1820 1050 mo-

551 1068 616 1106 nui
636 1067 793 1119 praefat.
819 1067 864 1104 ad
889 1065 1095 1106 leetorem:
1120 1065 1207 1105 satis
1231 1065 1357 1115 prodit
1381 1065 1493 1103 stilus.
1512 1065 1693 1102 Attamen
1710 1064 1821 1104 Tho-

551 1134 633 1160 mas
650 1120 826 1172 Magister
844 1121 879 1159 ἐν
901 1119 988 1159 ταῖς
1008 1119 1187 1173 ἐκλογαῖς
1215 1118 1403 1164 Ἀττίὸος,
1432 1119 1467 1156 in
1493 1116 1656 1157 dictione
1673 1117 1821 1170 ἐπιὲρο-

549 1174 602 1225 μὴ
619 1175 708 1213 citat
728 1176 857 1213 locum
876 1175 986 1212 huius
1000 1175 1163 1213 encomii
1180 1203 1192 1219 ‚
1215 1183 1257 1210 ut
1279 1171 1523 1210 Lucianeum.
1553 1171 1680 1223 Atque
1700 1172 1818 1211 etiam

552 1229 706 1280 quidam
733 1229 954 1268 dubitarunt
967 1258 978 1274 ‚
1005 1240 1052 1266 an
1067 1227 1248 1267 transsatus
1268 1226 1313 1264 de
1338 1225 1418 1263 Dea
1437 1225 1551 1275 Syria
1569 1223 1656 1263 effet
1683 1225 1819 1264 Lucia-

553 1283 606 1320 ni.
635 1283 809 1321 BOURD.
834 1280 925 1329 Ϊῇσι
949 1280 1180 1332 παρθένοισι,
1205 1279 1268 1318 καὶ
1293 1278 1391 1318 τοῖσι
1421 1276 1598 1325 ἠιθέοισι)
1631 1277 1667 1316 Si
1694 1279 1818 1318 ridere

551 1335 744 1375 Ionismos
765 1338 803 1374 in
826 1336 954 1373 animo
976 1334 1160 1373 habuiffet
1185 1333 1403 1384 frequenter
1425 1333 1632 1384 repetendo
1651 1333 1817 1384 ingratas

553 1389 636 1427 illas
662 1391 697 1427 in
722 1404 758 1428 σι
785 1389 1093 1432 terminationes,
1120 1388 1199 1427 five
1223 1398 1429 1440 perpetuos
1448 1401 1500 1431 ο-ι,
1515 1400 1567 1432 σι,
1585 1400 1636 1432 σι,
1660 1385 1816 1433 sibilos,

552 1443 731 1494 potuisset
756 1443 795 1482 &
824 1443 863 1480 in
889 1442 964 1482 hoc
989 1443 1126 1481 imitari
1149 1442 1389 1480 Herodotum
1420 1440 1554 1491 septies
1580 1440 1631 1477 ita
1656 1439 1818 1491 iungen-

553 1508 630 1535 tem
656 1511 691 1549 p.
718 1501 790 1535 262
816 1495 866 1534 D.
892 1495 1060 1534 τούτοισι
1087 1496 1121 1533 ἐν
1146 1494 1246 1533 τοῖσι
1277 1490 1427 1532 αὐτοῖσι
1453 1493 1605 1532 τόποισι
1633 1507 1818 1534 κατοικη-

551 1551 701 1601 μένοισι
722 1551 791 1588 εἰσι
814 1549 926 1587 τοῖσι.
952 1549 996 1587 Et
1012 1563 1047 1600 p.
1063 1549 1137 1597 264
1153 1548 1175 1586 f.
1201 1548 1277 1586 &a
1303 1547 1444 1586 REITZ.

608 1606 679 1642 esd.
698 1605 721 1640 l.
735 1604 770 1641 6.
796 1607 915 1652 Γάμον
938 1603 1050 1655 ι’έιόιι)
1075 1602 1148 1642 Pro
1165 1605 1254 1654 πρὸς
1275 1602 1335 1639 vel
1352 1602 1402 1639 εἰς
1415 1601 1555 1653 γάμον·
1580 1609 1622 1638 ut
1643 1597 1817 1639 ἐλθόντας·

553 1658 598 1694 ἰο
620 1657 720 1707 ἱερὶν,
744 1657 850 1695 Paus.
868 1672 903 1709 p.
925 1671 1012 1709 259,
1028 1671 1051 1709 9
1065 1657 1122 1694 ed.
1135 1657 1192 1694 Fr.
1220 1654 1408 1694 referente
1421 1654 1597 1693 Maittair.
1616 1666 1652 1705 p.
1669 1667 1731 1702 74.
1753 1651 1816 1693 Sic

553 1709 737 1762 ἔρχεσόαι
765 1711 935 1755 κλισίην,
965 1711 1139 1749 Homero
1161 1709 1367 1752 familiare,
1393 1708 1494 1746 reete
1516 1706 1747 1746 observante
1771 1707 1814 1746 L.

554 1764 633 1803 Bos
652 1765 697 1803 de
715 1764 783 1803 Ell.
803 1779 837 1816 p.
856 1763 954 1808 268,
980 1765 1084 1815 quod
1104 1776 1229 1802 tamen
1256 1763 1291 1800 in
1316 1762 1436 1801 verbo
1458 1760 1570 1800 ἱκάνω
1586 1761 1619 1799 ei
1641 1760 1815 1800 nondum

551 1819 748 1858 concedo:
778 1831 863 1856 nam
882 1830 968 1857 cum
993 1818 1029 1856 ὃν
1048 1817 1116 1867 μὲν
1135 1817 1250 1856 ἱκάνω
1268 1817 1464 1854 Homerus
1481 1815 1532 1853 ait
1546 1845 1558 1861 ‚
1578 1814 1617 1853 &
1632 1813 1745 1853 ἱκάνω
1761 1815 1816 1853 in-

554 1874 644 1910 vado
672 1871 881 1923 significat,
909 1870 1031 1922 potest
1055 1886 1273 1924 quemcunque
1294 1870 1457 1908 invadam
1482 1870 1597 1908 etiam
1628 1867 1704 1907 sine
1737 1867 1815 1907 ulla

553 1924 670 1977 ellipsi
693 1926 847 1975 exponi.
877 1925 1019 1963 RmTz.

608 1981 682 2016 ead.
699 1979 722 2016 l.
740 1979 774 2016 8.
794 1978 938 2030 Πόλει)
963 1978 1047 2029 Qui
1073 1977 1222 2017 delicias
1240 1977 1390 2016 Ionicas
1415 1986 1536 2023 amat,
1556 1975 1645 2015 πόλι
1675 1973 1816 2014 scribe-

554 2043 635 2079 rct3
659 2033 710 2069 ita
731 2034 832 2070 enim
858 2033 971 2070 ablat.
996 2032 1075 2070 sive
1096 2032 1211 2070 dativ.
1237 2030 1423 2070 formatur
1448 2030 1637 2069 Herodot.
1660 2030 1748 2067 Vid.
1770 2029 1812 2068 L.

555 2085 612 2123 Vl
631 2115 642 2130 ,
663 2084 731 2138 383
751 2087 798 2124 A.
819 2086 892 2138 (ed.
915 2085 1064 2137 Stephy)
1087 2086 1173 2123 item
1195 2084 1268 2138 389
1285 2085 1332 2124 A.
1352 2085 1393 2124 &
1409 2084 1480 2129 lX,
1499 2083 1571 2134 589
1585 2083 1628 2121 B.
1652 2083 1724 2121 &c.
1747 2092 1816 2122 aut

552 2139 682 2177 saltem
697 2140 812 2178 πολεῖ
827 2140 1044 2192 corrigeret.
1061 2139 1130 2178 Sed
1145 2142 1233 2191 quia
1247 2140 1355 2177 πόλει
1374 2149 1560 2190 perpetuo
1572 2138 1607 2174 in
1624 2136 1699 2175 hoc
1710 2134 1812 2175 Dial-

555 2203 600 2231 ut
624 2205 657 2231 c.
688 2207 723 2237 1,
751 2206 810 2240 10,
830 2206 888 2241 13,
902 2207 967 2238 21,
986 2205 1032 2232 ac
1050 2207 1098 2232 22
1119 2192 1198 2232 &c.
1215 2192 1307 2231 nihil
1327 2192 1498 2239 mutavi,
1519 2191 1586 2231 etsi
1607 2189 1812 2229 scribarum

554 2247 692 2286 vitium
717 2258 825 2298 puto.
854 2247 999 2285 REITZ.

609 2302 680 2338 ead.
694 2301 714 2337 l.
730 2314 764 2351 9.
777 2299 878 2338 Τοῖσι
895 2300 938 2339 ἑὲ
952 2300 1081 2351 νέοισι)
1099 2299 1252 2338 Mallem
1273 2298 1313 2337 αἱ
1333 2297 1377 2338 Σὲ
1392 2297 1582 2349 παρθένοι,
1601 2296 1688 2342 vel,
1701 2295 1811 2348 quod

556 2353 603 2391 ad
621 2353 840 2405 scripturam
858 2355 977 2405 magis
992 2354 1134 2393 accedit
1145 2383 1157 2398 ‚
1171 2353 1260 2401 τῇσι
1277 2352 1321 2391 δὲ
1333 2352 1562 2403 παρθένοισι,
1585 2363 1669 2389 nam
1684 2350 1729 2388 de
1743 2351 1813 2388 vir-

553 2407 689 2457 ginibus
703 2418 815 2445 antea
835 2408 981 2445 dixerat
990 2422 1003 2455 3
1028 2406 1095 2445 nisi
1120 2419 1213 2444 mox
1239 2420 1260 2445 a
1281 2405 1318 2446 se
1337 2406 1371 2445 id
1394 2404 1613 2458 praestitum
1632 2413 1813 2443 narraret.

553 2461 643 2499 vid.
666 2461 866 2514 Theophr.
883 2460 998 2501 Char.
1015 2474 1075 2501 21.
1097 2459 1255 2499 SOLAN.
