1907 3101
536 222 625 269 5m
733 196 1607 253 ANNUTATIONES

528 304 597 332 ret.
621 292 658 332 Si
679 293 780 332 enim
807 304 935 332 creata
951 291 1036 332 sunt
1049 306 1069 332 a
1088 292 1178 332 Deo
1192 292 1334 341 sidera,
1353 295 1510 347 quidni,
1531 296 1665 335 relicto
1688 295 1804 335 archi-

529 347 632 440 ἓᾶὶο
644 378 656 394 ,
673 347 861 388 honorem
878 346 1040 399 opificio
1064 346 1209 388 deferre
1223 378 1235 396 ,
1257 359 1450 388 extremae
1474 349 1576 389 foret
1594 349 1791 390 stultitiae?

570 411 655 439 EsN.
1614 418 1615 421 ¹

581 456 654 493 ead.
673 455 696 494 l.
719 466 776 504 15.
801 452 970 507 Δρόμον)
987 452 1130 494 Τούτων
1155 454 1242 495 hinc
1271 454 1374 495 forte
1398 455 1537 496 excidit
1566 455 1800 508 negligentia

529 507 683 548 librarii.
711 508 878 548 GUYET.

586 562 676 615 Pag.
704 575 791 612 251.
821 563 845 600 l.
865 575 895 601 1.
911 562 972 600 Ἐκ
986 561 1040 613 μὴ
1061 561 1173 601 ’όντων
1191 563 1208 611 )
1237 562 1357 601 Hebr.
1385 562 1460 610 XI,
1484 578 1518 616 3,
1539 562 1673 603 dicitur
1691 564 1730 602 ἐκ
1744 563 1798 612 μὴ

529 617 772 665 φαινομένων.
794 615 900 654 Nota
924 614 976 654 est
998 616 1272 654 Exucontiorutn
1298 616 1460 656 haeresis
1474 647 1486 663 ‚
1505 617 1610 668 quod
1634 618 1799 656 nominis

529 671 566 707 in
584 681 669 707 eam
689 670 921 709 Arianorum
946 668 1081 708 seklam
1103 670 1310 716 dicebatur,
1332 671 1397 722 qui
1414 670 1676 716 affirmabant,
1692 671 1801 710 Chri-

531 722 576 761 fii
604 722 811 762 servatoris
833 724 1001 762 divinam
1027 724 1142 762 etiam
1167 735 1340 762 naturam
1368 724 1409 774 ἐξ
1435 721 1500 762 οὐκ
1527 724 1636 762 >όντωιι
1657 737 1676 763 a
1706 724 1796 763 Deo

529 776 604 816 effe
618 778 853 828 productam.
873 777 984 816 Unde
999 776 1082 815 satis
1096 777 1242 816 constat
1257 807 1268 823 ‚
1282 777 1521 817 Christianos
1536 777 1688 816 illorum
1705 789 1798 816 tem-

530 843 671 883 porum
696 831 741 870 de
762 831 958 870 creatione
979 830 1029 869 ita
1043 861 1054 875 ‚
1078 841 1120 869 ut
1138 831 1196 870 hic
1211 830 1353 877 noster,
1373 831 1479 882 loqui
1501 830 1646 870 solitos.
1671 832 1796 872 GESN.

583 887 656 922 ead.
676 886 697 922 l.
718 900 753 924 2.
769 885 821 923 Ἐν
837 884 1001 936 βίβλοις)
1019 885 1127 924 Haec
1153 885 1271 924 sumta
1297 898 1346 924 ex
1365 885 1492 935 Apoc.
1514 884 1612 932 XX,
1641 899 1712 932 12,
1747 901 1768 925 2
1783 917 1796 935 ‚

530 937 658 977 Theff.
682 937 721 985 I,
745 939 791 983 6,
811 938 896 977 Aci.
917 937 1054 984 XVII,
1074 951 1135 990 31,
1154 939 1284 990 quivis
1305 939 1417 977 videt.
1442 937 1568 978 GESN.

583 995 659 1030 ead.
682 992 707 1030 l.
726 1006 759 1045 3.
775 991 841 1030 “Hv
861 990 1012 1044 ῗιμέριιν)
1032 992 1197 1031 Subaudi
1220 992 1299 1030 καθ’
1317 992 1356 1031 ἣν
1385 990 1447 1041 ἦμ.
1473 992 1640 1032 GUYET.

584 1047 657 1084 ead.
677 1045 701 1083 l.
729 1058 760 1095 5.
779 1048 835 1082 Τὰ
861 1046 905 1084 δὲ
923 1046 992 1083 τῶν
1016 1045 1168 1098 Μοιρῶν)
1188 1045 1288 1085 Cum
1312 1047 1357 1085 de
1380 1047 1618 1097 providentia
1643 1045 1717 1086 Dei
1738 1046 1797 1087 lo-

529 1110 714 1151 quentem
736 1098 842 1137 audit
857 1099 1134 1149 Triephontem
1149 1100 1284 1139 Critias
1297 1130 1309 1146 ,
1323 1101 1420 1138 haud
1436 1101 1626 1139 immerito
1641 1101 1676 1138 in
1694 1114 1798 1139 men-

528 1164 607 1192 tem
629 1153 681 1191 illi
703 1154 807 1191 venit
831 1152 980 1191 absurdi
1011 1153 1116 1191 istius
1136 1153 1338 1193 Parcarum
1363 1154 1588 1193 commenti.
1609 1153 1795 1194 Ceterum

528 1207 635 1258 quod
654 1206 820 1258 plurium
841 1219 1003 1245 numero
1022 1207 1156 1246 dicitur
1178 1209 1508 1261 {yxoepa'e-rwvmv,
1530 1208 1620 1247 illud
1643 1207 1796 1247 absolu-

530 1272 567 1298 te
585 1260 626 1300 &
641 1260 746 1312 quasi
767 1260 1070 1312 impersonaliter
1093 1261 1254 1312 pofitum
1276 1262 1457 1309 arbitror,
1473 1260 1550 1300 fere
1572 1273 1615 1300 ut
1635 1262 1769 1301 Ebraei
1785 1293 1798 1312 ‚

529 1328 616 1354 cum
634 1315 679 1353 de
695 1314 786 1353 Deo
803 1316 914 1353 etiam
934 1315 1163 1366 loquuntur,
1182 1316 1364 1367 pluralem
1387 1328 1588 1354 numerum
1609 1314 1715 1368 saepe
1733 1318 1794 1355 ad-

530 1369 684 1414 hibent,
699 1369 760 1406 cui
784 1378 909 1407 tamen
934 1368 1057 1419 phtafi
1081 1368 1220 1421 aliquid
1241 1369 1367 1408 arcani
1390 1368 1542 1414 lenius,
1560 1370 1598 1408 &
1618 1370 1794 1409 umbram

527 1422 657 1461 taltem
679 1422 877 1460 Trinitatis
899 1420 1033 1467 ineffe,
1055 1435 1134 1460 non
1166 1422 1218 1461 est
1243 1436 1311 1462 cur
1334 1436 1528 1474 negemus.
1557 1424 1653 1461 Fieri
1676 1425 1791 1463 etiam

528 1475 676 1527 potest,
709 1486 751 1514 ut
777 1476 982 1527 respexerit
1007 1475 1143 1516 Critias
1172 1478 1219 1514 ad
1241 1477 1449 1527 expressam
1477 1478 1589 1515 trium
1627 1477 1666 1515 in
1690 1478 1794 1516 divi-

527 1531 647 1568 nitate
662 1529 912 1580 liypostasecov
933 1529 1373 1569 mentionem.Ceterum
1389 1530 1517 1582 postea
1540 1530 1578 1568 δι
1601 1531 1676 1570 hoc
1692 1532 1791 1570 idem

529 1583 693 1622 verbum
711 1583 875 1636 plurium
899 1596 1065 1621 numero
1083 1584 1263 1630 recurrit,
1283 1585 1323 1623 δι
1341 1596 1516 1624 exemtae
1532 1584 1690 1623 affionis
1709 1599 1794 1629 ver-

527 1637 600 1682 ba,
623 1650 723 1688 quae
743 1650 884 1676 vocant
905 1635 1257 1676 Grammaticorum
1281 1637 1369 1685 filii,
1391 1639 1526 1678 eodem
1553 1651 1715 1678 numero
1739 1639 1795 1678 ef-

526 1690 724 1730 feruntur:
749 1690 1004 1741 ἐκπεμψουσι,
1026 1691 1364 1744 ἐπιστρωνιώσουσι
1377 1721 1389 1740 ,
1401 1692 1634 1744 κατάξουσι,
1651 1707 1685 1731 κ.
1701 1708 1739 1732 τ.
1755 1704 1792 1733 λ.

526 1743 655 1784 GesN.

579 1802 652 1837 ead.
670 1799 693 1836 l.
713 1811 771 1837 10.
789 1797 1001 1851 Μαθητιῶν)
1019 1799 1211 1852 Av³stoph.
1226 1800 1390 1839 verbum
1405 1804 1489 1847 Νεφ.
1509 1799 1593 1853 183.
1610 1799 1740 1840 GESN.

579 1854 658 1891 ibid.
687 1854 797 1902 nup&
814 1853 830 1904 )
849 1852 908 1892 Sic
934 1852 1187 1905 rescripsimus
1206 1866 1252 1892 ex
1277 1855 1334 1893 ed.
1358 1856 1396 1892 S.
1418 1867 1491 1905 pro
1511 1855 1671 1906 vulgato
1692 1854 1790 1906 περί.

524 1906 613 1944 Vid.
636 1918 733 1945 nott.
751 1908 796 1945 ad
815 1906 918 1945 Asm.
939 1919 972 1946 c.
997 1921 1018 1945 2
1034 1938 1044 1953 ‚
1061 1908 1152 1946 Vol.
1170 1907 1248 1954 VI,
1265 1921 1350 1961 pag.
1373 1906 1449 1954 468
1472 1907 1585 1946 huius
1610 1909 1666 1946 ed.
1684 1910 1728 1946 ad
1746 1922 1785 1947 v.

524 1961 609 2010 περὶ
633 1959 845 2010 Δεκριανοῦ.
873 1960 969 1999 Add.
993 1960 1103 2011 supra
1126 1974 1212 2013 cap.
1229 1975 1253 2013 9
1277 1975 1331 2013 pr.
1358 1961 1423 1999 ubi
1449 1974 1520 2014 pro
1540 1961 1625 2011 περὶ
1653 1960 1719 2000 σοῦ
1739 1961 1789 2001 εἰ·

520 2012 655 2059 «ξέναι,
677 2015 781 2066 quod
808 2014 947 2053 habent
963 2014 1043 2053 edd.
1066 2017 1275 2067 quaedam,
1297 2015 1399 2054 reete
1419 2027 1468 2054 ex
1487 2016 1516 2055 I.
1531 2014 1570 2054 δι
1596 2016 1633 2054 S.
1660 2016 1788 2055 itidem

521 2067 730 2119 repositum
756 2069 862 2119 παρέι
887 2067 955 2107 σοῦ
974 2067 1046 2107 sies.

574 2124 648 2160 ead.
670 2122 694 2159 l.
719 2135 774 2160 12.
795 2121 946 2174 Μοῖραν)
961 2122 1078 2162 Hom.
1097 2122 1137 2164 Il.
1157 2127 1201 2168 Z,
1226 2122 1326 2172 4883
1346 2123 1481 2175 allegat
1495 2123 1608 2162 etiam
1630 2122 1786 2162 Lucian.

521 2174 626 2227 Apol
660 2188 731 2223 pro
752 2176 871 2215 Merc.
895 2176 1006 2216 cond.
1029 2189 1062 2214 c.
1089 2177 1134 2220 8,
1157 2177 1196 2217 &
1225 2177 1488 2228 Diogenianus
1515 2177 1784 2229 Peripateticus

520 2230 622 2280 apud
644 2229 781 2270 Euseb.
802 2229 931 2282 Praep.
952 2231 1098 2282 Evang.
1114 2230 1192 2273 Vl,
1207 2230 1253 2278 8,
1279 2226 1320 2283 ps
1338 2233 1425 2283 263.
1454 2231 1580 2271 GESN.

572 2287 646 2322 ead.
668 2284 691 2322 l.
712 2297 769 2335 ¹5·
784 2279 882 2322 Οὐδὲ
900 2284 997 2338 γὰρ)
1018 2285 1137 2323 Hom.
1161 2285 1202 2323 Il.
1226 2291 1284 2330 Σ,
1310 2298 1322 2322 ι
1339 2299 1379 2333 ¹7
1403 2284 1477 2337 seq.
1500 2285 1626 2324 GESN.

573 2337 663 2392 Pag.
692 2351 779 2389 252.
805 2338 829 2376 l.
846 2339 1017 2389 2.‘Hpnr)
1042 2337 1160 2390 Quae
1183 2350 1362 2391 tanquam
1390 2338 1492 2377 lovis
1516 2338 1567 2377 sui
1585 2351 1632 2375 ex
1649 2337 1784 2388 pellice

517 2391 710 2441 spurium,
731 2392 978 2431 muliebribus
999 2393 1097 2431 odiis
1122 2406 1209 2432 eum
1233 2392 1273 2432 δι
1309 2393 1393 2445 plus
1420 2406 1534 2445 quam
1568 2392 1782 2431 novercali-

516 2445 587 2483 bus
612 2446 918 2497 prosequeretur.
943 2446 1070 2486 GESN.

568 2503 643 2538 ead.
662 2500 685 2538 l.
711 2497 855 2551 5‚’Ev6a
876 2499 942 2552 δ’)
966 2501 1084 2540 Hom.
1107 2500 1148 2540 Il.
1169 2506 1213 2549 T:
1234 2499 1321 2549 128,
1345 2500 1385 2540 ὃς
1411 2499 1486 2538 Od.
1504 2504 1555 2545 H,
1582 2500 1654 2550 196
1676 2497 1780 2552 seqq.
