1907 3101
562 182 657 229 430
763 161 1635 211 ANNOTATIONES

559 257 636 295 Iac.
655 256 704 293 du
725 255 817 294 Port
837 255 873 293 in
887 253 1078 308 praeleffl.
1105 254 1153 293 ad
1167 253 1366 305 Theophr.
1389 254 1568 297 Charaft.
1589 270 1626 308 p.
1642 270 1714 309 192
1734 257 1823 299 edit.

563 309 782 361 Cantabrig.
804 309 901 348 Vult
915 309 1016 347 enim
1037 308 1086 346 ibi
1105 307 1407 356 Demosthenes,
1430 309 1467 348 se
1492 323 1561 350 eos
1583 311 1768 352 adiuvisse
1789 313 1827 352 in

561 363 807 402 dissolvendis
829 362 963 401 debitis
980 363 1074 400 erani
1089 362 1259 407 nomine,
1278 373 1393 414 quem
1409 363 1656 416 collegerant,
1671 376 1829 405 contra-

565 416 650 456 etis.
670 417 834 466 Ἐρόινους
862 415 1182 464 ‹fundanda-ism,
1207 415 1358 455 concise
1380 416 1420 455 ἃ
1445 417 1640 470 eleganter
1659 419 1800 458 dictum
1817 449 1830 469 ,

564 484 638 523 pro
660 473 769 509 debita
791 471 961 522 diffi2lvere
990 471 1082 507 erani
1108 469 1237 507 nomine
1263 472 1427 520 conflata.
1450 472 1687 511 Vertendum
1713 473 1826 524 igitur

564 523 680 564 effer:
704 527 858 575 Quo-rum
879 539 936 576 ego
963 523 1096 573 diffcilvi
1120 524 1252 568 debita,
1270 524 1362 561 eram·
1385 525 1516 562 nomine
1530 556 1541 573 ‚
1567 541 1662 576 quem
1683 528 1725 564 ab
1743 529 1829 566 ami-

562 580 616 616 cis
632 579 847 630 collegerant,
871 581 1049 616 contraaa.
1069 576 1218 616 Tantae
1238 577 1349 615 molis
1372 576 1424 616 est
1442 578 1581 617 alicubi
1594 577 1746 619 Graeca
1759 580 1830 620 La-

561 633 652 671 tinis
669 633 903 685 exprimere3
931 631 1026 669 adeo
1048 629 1320 670 Graecanicam
1348 631 1628 671 volubilitatem
1648 633 1828 674 Romana

565 685 695 738 lingua
721 686 887 738 sequitur
912 697 990 723 non
1017 683 1180 736 passibus
1207 684 1348 735 aequis.
1382 683 1531 724 Contra
1560 687 1659 738 apud
1684 687 1829 727 Roma-

566 751 638 778 nos
663 738 784 791 ἕρανον
808 751 1002 789 nunquam
1021 736 1132 776 fuisse
1157 736 1448 786 restituendum,
1471 739 1582 778 docet
1599 740 1685 779 ibid.
1700 755 1736 793 p.
1753 740 1829 795 seq.

563 794 672 832 velut
691 808 724 845 p.
743 806 811 845 191
833 793 1057 836 tradiderat,
1085 792 1202 843 ἔρανον
1223 790 1332 830 fuiffe
1357 804 1475 843 genus
1495 794 1619 832 mutui
1645 796 1828 846 gratuiti,

566 848 668 899 apud
683 847 858 887 Graecos
879 845 1119 898 frequentati.
1142 845 1218 884 Ubi
1235 845 1333 882 enim
1349 846 1433 897 quis
1450 858 1535 885 aere
1550 847 1673 887 alieno
1687 862 1832 900 preme·

562 912 685 945 retur,
701 910 768 940 aut
783 902 895 939 etiam
913 900 1004 938 alias
1019 899 1055 936 in
1070 899 1236 950 inopiam
1253 898 1446 954 incidisset,
1462 912 1532 939 nec
1545 901 1712 949 haberet,
1728 903 1829 942 unde
1888 899 1891 900 ⁷

562 955 732 1000 viveret,
756 956 800 992 ad
821 954 964 993 amicos
987 964 1068 991 erat
1088 964 1257 1004 paratum
1274 951 1477 1004 refugium,
1502 954 1583 1005 qui,
1601 956 1705 1006 quod
1724 967 1829 1007 pote-

564 1020 674 1054 rant,
699 1007 959 1060 unusquisque
973 1005 1163 1057 ἀνθρακὲις
1172 1019 1235 1057 pro
1247 1008 1313 1057 sua
1331 1007 1422 1044 virili
1441 1007 1700 1047 conferebant.
1721 1010 1828 1048 Alia-

564 1074 643 1113 que
659 1061 703 1100 de
723 1064 833 1100 erlznis
849 1061 924 1100 vid.
937 1060 1023 1099 ibid.
1047 1059 1118 1098 Sed
1133 1059 1172 1098 ὃ(
1187 1072 1346 1098 coenam
1364 1060 1510 1099 collatis
1523 1061 1707 1112 symbolis
1719 1061 1827 1103 fuisse

565 1115 704 1164 ἔρανον,
728 1114 814 1154 satis
838 1126 973 1154 notum
993 1113 1057 1153 est.
1076 1113 1166 1151 Vid.
1182 1112 1344 1152 Casaub.
1358 1114 1402 1152 ad
1415 1114 1612 1166 Theophr.
1630 1115 1744 1155 Char.
1761 1131 1827 1155 πε-

564 1169 596 1219 ρὶ
613 1164 747 1208 afflans.
763 1181 794 1207 c.
813 1181 873 1218 15,
891 1170 935 1206 ad
950 1168 1066 1206 verba
1080 1167 1146 1205 mei
1162 1168 1263 1217 φίλῳ
1284 1165 1328 1205 st
1349 1166 1467 1218 ἔρανον
1491 1168 1712 1209 κελεύσαντι
1734 1169 1829 1208 εἰσε-

566 1237 601 1261 νε
639 1221 729 1269 κεῖν,
744 1221 854 1261 εἰπὼν
870 1221 928 1260 ὅτι
943 1217 1004 1260 οὐκ
1021 1221 1066 1260 ἂν
1081 1219 1161 1258 sain
1180 1221 1254 1260 Sec.
1279 1220 1373 1258 Item
1386 1221 1504 1260 Feith.
1519 1222 1648 1273 Antiq.
1664 1224 1825 1262 Homer.

565 1238 644 1324 113,
665 1288 696 1315 c.
715 1292 739 1324 4
753 1307 763 1323 ,
782 1276 1012 1328 Longolium
1031 1288 1074 1314 ac
1097 1274 1287 1313 Buchner.
1304 1274 1348 1312 ad
1372 1274 1464 1313 Plin.
1484 1275 1525 1313 L.
1547 1275 1607 1323 X,
1623 1276 1737 1328 Epist.
1751 1292 1797 1330 93
1815 1306 1828 1323 ,

564 1331 632 1381 qui
649 1330 805 1368 Livium
829 1342 950 1382 aeque
974 1341 1019 1368 ac
1044 1328 1137 1367 Plin.
1163 1328 1278 1367 etiam
1300 1327 1434 1368 Latine
1460 1345 1596 1369 eranum
1614 1329 1742 1370 dixiffe
1765 1331 1827 1370 in·—

563 1384 703 1422 dicant.
733 1384 878 1422 Rmz.

619 1437 699 1475 ibid.
720 1436 1053 1486 Συνὲιελυσέιμην)
1082 1436 1196 1473 Simul
1201 1435 1316 1486 fulvo.
1343 1434 1511 1476 GUYET.

620 1495 694 1530 cad.
714 1491 738 1529 l.
751 1505 789 1538 7.
802 1488 955 1528 Τουτουί·
972 1488 1220 1541 Ποσειὸἱῦνος)
1234 1489 1391 1528 Clarum
1409 1491 1508 1528 enim
1531 1488 1733 1531 Calauriae
1749 1491 1827 1532 Ne-

565 1546 695 1598 ptuni,
722 1545 768 1583 ad
790 1544 894 1596 quod
918 1543 1160 1595 confugerat,
1187 1543 1382 1594 templum.
1403 1542 1562 1583 SOLAN.

620 1600 692 1636 ead.
708 1598 732 1635 l.
755 1612 811 1644 14.
836 1598 1001 1645 Πυθεου)
1030 1597 1130 1635 Inter
1147 1595 1415 1636 Demosthenis
1435 1597 1673 1637 accusatores
1695 1611 1827 1638 recens

564 1652 664 1704 apud
690 1650 787 1690 Plut.
813 1665 910 1703 1555
925 1681 936 1699 ‚
962 1664 992 1690 1.
1015 1651 1092 1690 Ubi
1117 1650 1255 1689 Πυθέου
1280 1650 1510 1703 legendum,
1536 1664 1616 1690 non
1638 1653 1798 1692 Πυθαίου
1813 1679 1825 1702 ,

566 1717 610 1744 ut
634 1704 692 1744 fit.
717 1706 875 1744 SoLAN.

619 1759 702 1798 ibid.
717 1758 923 1810 Διτμάὸου)
938 1757 1012 1797 Pro
1029 1758 1201 1809 Philippo
1217 1757 1277 1796 hic
1292 1757 1454 1796 Athenis
1470 1757 1642 1798 faciebat.
1667 1758 1825 1799 SOLAN.

620 1815 693 1852 ead.
709 1813 732 1850 l.
755 1826 812 1864 15.
827 1811 893 1852 Τῆς
909 1810 1043 1864 ψυχῆς
1061 1811 1396 1863 μεθαρμόσασῦοω)
1425 1811 1587 1864 Corrige
1600 1812 1665 1852 τὴν
1680 1811 1824 1866 ψυχήν.

565 1865 737 1905 GUYET.
763 1865 989 1920 (Menagius
1007 1865 1079 1904 sic:
1115 1866 1216 1903 Nota
1244 1866 1318 1904 hoc
1338 1865 1500 1904 verbum
1527 1879 1614 1905 cum
1641 1867 1825 1918 genitivo.

565 1920 638 1959 Sed
652 1920 845 1971 scripserat
858 1919 958 1958 forte
975 1919 1161 1958 Lucianus
1174 1918 1240 1957 τὴν
1256 1917 1403 1971 ψυχήν.
1418 1918 1600 1958 Dicerem
1616 1920 1712 1959 idem
1728 1921 1825 1959 utri-

563 1986 643 2025 que
664 1975 702 2012 in
725 1986 888 2012 mentem
905 1972 1044 2012 veniss'e
1057 2003 1068 2020 ‚
1088 1972 1154 2012 nisi
1172 1973 1340 2024 Menagii
1360 1985 1444 2011 mos
1461 1973 1552 2012 mihi
1572 1985 1685 2013 notus
1704 1974 1825 2026 effer.)

568 2028 634 2066 An
651 2026 717 2066 τῆς
737 2025 852 2077 {co-fis,
880 2038 920 2065 ut
947 2027 1126 2078 iungatur
1149 2025 1217 2075 ὀψὲ
1241 2024 1306 2065 ‘riis
1332 2025 1441 2076 ζωῆς,
1464 2027 1488 2065 i.
1506 2039 1539 2066 e.
1567 2028 1664 2066 etiam
1674 2029 1750 2080 sera
1769 2044 1826 2066 ae—

568 2092 639 2119 tate
652 2095 755 2119 mores
769 2092 909 2126 mutare,
929 2093 1028 2132 quae
1048 2080 1232 2118 sententia
1246 2078 1287 2117 &
1303 2079 1535 2121 constructio
1555 2082 1710 2120 melior:
1736 2093 1824 2120 nam

569 2146 614 2173 ut
637 2134 752 2186 ψυχὴ
777 2134 867 2173 alibi
891 2133 998 2185 saepe
1023 2147 1093 2185 pro
1115 2132 1184 2184 ξωῇ
1208 2133 1410 2184 accipitur,
1433 2134 1483 2172 ita
1504 2134 1562 2172 hic
1585 2147 1662 2173 non
1689 2134 1825 2187 potest.

566 2188 639 2227 Sed
664 2192 777 2234 vide,
808 2200 906 2227 anne
935 2188 1115 2237 vulgatae
1146 2186 1330 2225 structura
1356 2186 1406 2226 sic
1433 2186 1579 2226 defendi
1606 2200 1748 2239 queat,
1781 2199 1824 2227 ut

570 2242 692 2280 media
715 2240 839 2281 forma
852 2240 1165 2292 μεθαρμόσασθαι
1184 2239 1249 2279 τῆς
1274 2240 1321 2289 rss.
1345 2241 1468 2279 valeat
1486 2241 1720 2293 μεθαρμόζειν
1741 2240 1826 2280 ἑαυ-

567 2298 631 2333 τὸν
654 2294 722 2334 διὰ
749 2294 815 2334 τῆς
837 2293 983 2347 ψυχῆς.
1013 2293 1088 2333 Etsi
1113 2295 1212 2333 enim
1236 2294 1355 2345 vulgo
1379 2294 1634 2334 accusativum
1662 2294 1826 2334 adsciscit

564 2348 871 2400 μεθαρμόζεσῧαι
887 2379 898 2395 ,
924 2359 965 2387 ut
988 2347 1137 2387 Aelian.
1158 2347 1269 2394 XIV,
1292 2361 1332 2397 7,
1355 2348 1416 2387 ἐὰν
1437 2348 1490 2398 μὴ
1511 2351 1574 2387 τὸν
1599 2349 1673 2393 βίον
1692 2369 1736 2378 -
1758 2348 1826 2388 τοῦ

567 2400 703 2441 Λεκτοῦ
729 2401 1028 2453 μεθαρμόσηται·
1051 2414 1176 2453 neque
1199 2401 1371 2451 exempla
1395 2402 1486 2440 mihi
1510 2401 1733 2454 suppetunt,
1759 2402 1825 2440 ubi

569 2457 743 2507 genitivo
757 2456 961 2508 iungatur3
981 2466 1106 2495 tamen
1127 2468 1205 2494 non
1221 2456 1372 2494 videtur
1383 2468 1593 2509 repugnare
1611 2455 1824 2509 analogiae,
