1907 3101
206 233 705 282 PHILOPATRIDIS
741 233 1176 282 DISSERTATJO.
1244 240 1331 305 603

75 331 125 358 ne
144 331 271 360 tamen
294 333 373 360 non
399 321 483 360 satis
512 321 718 374 intelligat,
746 321 814 361 nisi
836 322 922 375 quis
945 334 1108 377 utraque
1132 329 1338 381 συγγράμ-

74 388 206 423 flamm
231 376 327 414 inter
361 374 397 415 se
430 387 667 428 componere
696 375 919 415 sustinuerit.
957 378 1052 416 Satis
1077 379 1191 430 igitur
1224 381 1338 421 fuerit

75 426 170 467 haec
192 429 374 473 indicasse.
409 430 560 475 Habes,
580 429 737 477 Le&or‚
760 428 981 469 sententiam
1013 432 1058 470 de
1084 432 1336 487 Philopatride

75 481 242 521 nostram
256 513 268 529 ‚
291 484 329 522 in
347 495 464 534 quam
484 496 570 522 cum
598 495 684 522 ante
707 484 778 522 hos
798 485 967 536 quinque
991 486 1031 524 &
1052 487 1187 538 viginti
1212 502 1336 529 annos

74 534 281 575 incidissem
297 568 307 584 ,
330 550 491 588 eamque
516 538 555 575 in
585 536 793 576 Ienenfium
819 537 1135 590 Philosophorum
1161 543 1336 583 cathedra

75 589 339 642 disputass'em3
369 602 456 630 ante
484 591 613 630 decem
640 604 760 630 annos
784 592 820 630 in
849 592 1027 644 Lipsiensi
1052 607 1210 646 quoque
1232 597 1335 636 Aca-

74 641 198 682 demia
221 657 304 683 eam
325 645 472 697 publice
493 644 686 697 proposui.
710 645 909 684 [nterieeto
928 656 1103 698 tempore
1123 661 1212 688 cum
1236 651 1335 689 mul-

74 706 158 735 tum
180 698 224 736 de
240 711 289 737 eo
304 698 347 737 s1t
371 710 599 751 argumento
614 698 862 751 disceptatum
875 730 888 746 ,
905 700 1089 751 quaedam
1107 703 1221 742 etiam
1240 717 1336 744 con-2

73 761 131 788 tra
147 751 247 790 illam
269 766 392 791 meam
413 752 703 804 disputationem
723 752 870 804 prolata
894 753 930 790 in
952 755 1116 793 medium
1146 768 1157 788 1
1184 770 1334 809 cogno-

73 806 218 844 verim:
243 816 394 844 tantum
422 817 548 845 tamen
580 806 700 852 abest,
727 817 769 844 ut
791 807 968 846 audierim
996 809 1203 861 quidquam
1232 813 1333 863 lege-

74 858 199 898 rimve
214 889 227 905 ,
252 861 359 911 quod
383 873 404 899 a
430 859 610 899 sententia
633 873 692 899 me
715 873 797 899 mea
818 860 1060 911 demoveret,
1084 865 1196 904 cuius
1220 876 1334 905 tuen·

71 912 143 951 dae
178 913 318 952 nullam
347 912 522 966 profeeto
550 915 664 973 ⁴§liam
698 913 847 952 causam
879 914 1030 961 habeo,
1064 928 1332 971 praeterquam

71 967 178 1017 quod
202 979 333 1006 veram
356 967 429 1006 effe
448 979 567 1020 puto,
592 967 770 1020 quasdam
791 969 904 1006 etiam
929 967 1174 1019 deserendam
1198 985 1241 1012 ut
1263 987 1333 1025 po.

72 1021 146 1059 tius
173 1022 292 1073 magis
322 1020 479 1060 subinde
509 1021 785 1066 confirmatus,
815 1034 894 1061 non
924 1022 995 1060 iam
1030 1024 1197 1065 iuvenile
1224 1027 1333 1080 ἀγώ-

72 1089 191 1124 νισμα
214 1076 397 1121 arbitrer,
419 1074 479 1114 sed
503 1072 635 1124 κτῆμα
659 1075 850 1127 quoddam
864 1105 873 1122 ‚
901 1089 1186 1127 perennaturo‚
1206 1092 1247 1119 ut
1268 1080 1332 1120 su-

68 1126 201 1178 spicari
226 1128 280 1168 fas
308 1129 384 1175 est,
416 1129 551 1181 operi,
585 1130 756 1169 Luciano
779 1129 1075 1177 Wetsteniano,
1104 1134 1211 1185 quod
1235 1135 1331 1175 inte-

68 1192 206 1228 xatur,
229 1195 310 1222 non
333 1183 483 1236 penitus
511 1183 720 1236 indignum.

118 1277 129 1299 1
163 1267 237 1300 Non
253 1267 315 1311 feci
325 1268 357 1300 in
373 1268 432 1300 hac
445 1267 668 1301 dissertatione
727 1267 779 1300 hic
800 1269 975 1311 repetenda
1001 1281 1066 1301 non
1095 1271 1228 1312 putavi,
1254 1282 1327 1304 cum

67 1312 269 1344 mentionem
297 1312 367 1346 To.
394 1314 573 1345 ECKARDI
604 1313 667 1345 viri
727 1313 809 1345 nihil
822 1313 880 1353 fit,
901 1314 939 1345 ad
954 1315 1038 1357 quod
1059 1326 1123 1345 non
1142 1317 1196 1347 vel
1216 1316 1248 1347 in
1269 1329 1327 1348 an-

67 1355 145 1388 sane
169 1357 274 1398 docti,
298 1357 350 1396 δε,
373 1358 460 1400 quod
480 1369 581 1401 aeque
603 1370 668 1390 ma·
727 1359 953 1390 notationibus
970 1360 1025 1391 vel
1046 1359 1078 1390 in
1101 1358 1160 1391 hac
1179 1359 1325 1402 disputa-

68 1411 167 1443 gnum
186 1400 249 1442 est,
271 1402 414 1434 modesti.
432 1402 493 1434 Hic
518 1405 549 1434 in
563 1404 665 1442 libro,
694 1414 699 1416 ’
726 1403 819 1434 tione
845 1402 1036 1444 responsum
1066 1402 1142 1435 satis
1171 1405 1323 1439 arbitrer.

70 1457 138 1487 quo
153 1445 491 1486 Non-Christianorum
509 1449 543 1478 de
557 1448 667 1488 Christo
725 1447 788 1479 Hic
810 1455 935 1478 tantum
960 1447 1157 1479 mentionem
1181 1449 1250 1481 eius
1274 1451 1321 1482 rei

66 1491 233 1529 testimonia
254 1503 290 1522 ex
306 1494 439 1533 antiquis
466 1495 665 1523 monumentis
725 1491 903 1523 faciendam
916 1491 1039 1533 censui,
1051 1504 1091 1523 ne
1102 1492 1174 1534 quis
1188 1494 1243 1525 vel
1256 1506 1324 1526 non

66 1535 244 1577 proposuit
257 1547 293 1567 ac
307 1535 666 1581 diiudicavit,Qaedlin-
725 1535 829 1567 visam
852 1535 931 1567 mihi
957 1538 1011 1568 vel
1039 1544 1235 1568 conterritam
1260 1538 1324 1570 viri

67 1579 151 1623 burgi
175 1590 269 1621 1725,
285 1592 304 1620 4
318 1606 325 1620 ,
348 1581 454 1619 edito,
479 1592 496 1612 a
511 1592 583 1624 pag.
604 1591 664 1622 107
725 1580 877 1611 carimihi
889 1605 896 1619 ‚
914 1580 988 1611 dum
999 1580 1149 1620 viveret,
1164 1592 1326 1615 commen·

67 1623 216 1668 pluscula
232 1633 347 1656 contra
359 1636 460 1657 meam
472 1624 664 1657 sententiam
724 1625 884 1657 tationem
902 1633 1015 1667 putet,
1031 1637 1168 1668 quorum
1183 1628 1323 1658 alterum

69 1669 226 1712 protulit:
245 1681 329 1712 quae
347 1669 377 1700 in
391 1668 542 1712 Lipfienfi
554 1669 667 1711 dispu-
724 1668 862 1712 supinae
886 1670 1121 1713 negligentiae,
1157 1669 1324 1713 superbiae

64 1714 191 1748 tatione
215 1725 232 1747 a
254 1725 305 1748 me
327 1713 459 1747 excussa
481 1713 579 1752 sunt;
609 1713 666 1747 sed
724 1716 864 1746 alterum
885 1713 982 1748 facile
998 1714 1104 1758 posset
1129 1715 1244 1750 tribui.

503 2062 872 2103 ERRATA.

167 2166 255 2218 Pag.
281 2167 344 2207 66.
369 2168 391 2207 1.
416 2180 452 2220 9.
470 2168 672 2219 παροίκων,
699 2168 772 2220 leg.
795 2167 987 2222 παροῦσιν.

164 2219 258 2274 Pag.
288 2223 376 2262 226.
399 2222 424 2261 1.
444 2236 481 2271 4.
508 2220 612 2272 ἰδοῦ,
639 2223 712 2276 leg.
732 2221 827 2264 isox).
