<?xml version="1.0" encoding="UTF-8"?>
<!DOCTYPE html PUBLIC "-//W3C//DTD XHTML 1.0 Transitional//EN"
    "http://www.w3.org/TR/xhtml1/DTD/xhtml1-transitional.dtd">
<html xmlns="http://www.w3.org/1999/xhtml" xml:lang="en" lang="en">
 <head>
  <title>
</title>
<meta http-equiv="Content-Type" content="text/html;charset=utf-8" />
  <meta name='ocr-system' content='tesseract 3.04.00' />
  <meta name='ocr-capabilities' content='ocr_page ocr_carea ocr_par ocr_line ocrx_word'/>
</head>
<body>
  <div class='ocr_page' id='page_1' title='image "./operagraeceetlat09luciuoft/operagraeceetlat09luciuoft_0428.png"; bbox 0 0 1907 3101; ppageno 0'>
   <div class='ocr_carea' id='block_1_1' title="bbox 548 177 1618 242">
    <p class='ocr_par' dir='ltr' id='par_1_1' title="bbox 548 177 1618 242">
     <span class='ocr_line' id='line_1_1' title="bbox 548 177 1618 242; baseline -0.006 -12"><span class='ocrx_word' id='word_1_1' title='bbox 548 197 645 242; x_wconf 77' lang='lat'>‚420</span> <span class='ocrx_word' id='word_1_2' title='bbox 743 177 1618 226; x_wconf 77' lang='lat' dir='ltr'><strong>ANNOTATIONES</strong></span> 
     </span>
    </p>
   </div>
   <div class='ocr_carea' id='block_1_2' title="bbox 547 258 1821 2509">
    <p class='ocr_par' dir='ltr' id='par_1_2' title="bbox 547 258 1810 477">
     <span class='ocr_line' id='line_1_2' title="bbox 602 258 1808 315; baseline -0.001 -11"><span class='ocrx_word' id='word_1_3' title='bbox 602 268 673 304; x_wconf 77' lang='lat' dir='ltr'>ead.</span> <span class='ocrx_word' id='word_1_4' title='bbox 698 265 722 304; x_wconf 90' lang='lat' dir='ltr'>l.</span> <span class='ocrx_word' id='word_1_5' title='bbox 746 277 778 314; x_wconf 80' lang='lat'>3.</span> <span class='ocrx_word' id='word_1_6' title='bbox 793 263 924 315; x_wconf 70' lang='grc' dir='ltr'>Χαῖρε,</span> <span class='ocrx_word' id='word_1_7' title='bbox 945 258 971 302; x_wconf 65' lang='grc' dir='ltr'><em>ὦ</em></span> <span class='ocrx_word' id='word_1_8' title='bbox 986 261 1239 314; x_wconf 68' lang='grc' dir='ltr'>Ἀντίπατρε)</span> <span class='ocrx_word' id='word_1_9' title='bbox 1263 260 1335 300; x_wconf 88' lang='lat' dir='ltr'>Hic</span> <span class='ocrx_word' id='word_1_10' title='bbox 1355 261 1489 312; x_wconf 80' lang='lat' dir='ltr'>incipit</span> <span class='ocrx_word' id='word_1_11' title='bbox 1513 272 1808 303; x_wconf 80' lang='lat' dir='ltr'>monumentum</span> 
     </span>
     <span class='ocr_line' id='line_1_3' title="bbox 547 315 1810 369; baseline -0.002 -11"><span class='ocrx_word' id='word_1_12' title='bbox 547 320 749 369; x_wconf 83' lang='lat' dir='ltr'>antiquum</span> <span class='ocrx_word' id='word_1_13' title='bbox 773 318 813 357; x_wconf 86' lang='lat'>&amp;</span> <span class='ocrx_word' id='word_1_14' title='bbox 837 317 934 356; x_wconf 60' lang='lat' dir='ltr'>leem</span> <span class='ocrx_word' id='word_1_15' title='bbox 969 316 1148 368; x_wconf 76' lang='lat' dir='ltr'>dignum:</span> <span class='ocrx_word' id='word_1_16' title='bbox 1173 327 1298 355; x_wconf 86' lang='lat' dir='ltr'>cetera</span> <span class='ocrx_word' id='word_1_17' title='bbox 1323 327 1403 354; x_wconf 88' lang='lat' dir='ltr'>non</span> <span class='ocrx_word' id='word_1_18' title='bbox 1429 315 1516 354; x_wconf 89' lang='lat' dir='ltr'>sunt</span> <span class='ocrx_word' id='word_1_19' title='bbox 1540 317 1666 367; x_wconf 80' lang='lat' dir='ltr'>magni</span> <span class='ocrx_word' id='word_1_20' title='bbox 1688 318 1810 367; x_wconf 88' lang='lat' dir='ltr'>pretii.</span> 
     </span>
     <span class='ocr_line' id='line_1_4' title="bbox 554 368 1806 422; baseline -0.002 -11"><span class='ocrx_word' id='word_1_21' title='bbox 554 383 611 410; x_wconf 83' lang='lat' dir='ltr'>LA</span> <span class='ocrx_word' id='word_1_22' title='bbox 637 371 798 410; x_wconf 64' lang='lat' dir='ltr'>CRozL</span> <span class='ocrx_word' id='word_1_23' title='bbox 817 372 891 410; x_wconf 89' lang='lat' dir='ltr'>Hic</span> <span class='ocrx_word' id='word_1_24' title='bbox 911 370 1041 422; x_wconf 77' lang='lat' dir='ltr'>incipit</span> <span class='ocrx_word' id='word_1_25' title='bbox 1061 368 1169 420; x_wconf 87' lang='lat' dir='ltr'>quasi</span> <span class='ocrx_word' id='word_1_26' title='bbox 1192 380 1319 408; x_wconf 88' lang='lat' dir='ltr'>novus</span> <span class='ocrx_word' id='word_1_27' title='bbox 1342 369 1524 420; x_wconf 84' lang='lat' dir='ltr'>dialogus.</span> <span class='ocrx_word' id='word_1_28' title='bbox 1538 370 1629 408; x_wconf 88' lang='lat' dir='ltr'>Vid.</span> <span class='ocrx_word' id='word_1_29' title='bbox 1649 369 1806 410; x_wconf 86' lang='lat' dir='ltr'>Miscell.</span> 
     </span>
     <span class='ocr_line' id='line_1_5' title="bbox 549 421 1463 477; baseline -0.005 -13"><span class='ocrx_word' id='word_1_30' title='bbox 549 424 644 464; x_wconf 86' lang='lat' dir='ltr'>Obs.</span> <span class='ocrx_word' id='word_1_31' title='bbox 660 424 772 477; x_wconf 86' lang='lat' dir='ltr'>supra</span> <span class='ocrx_word' id='word_1_32' title='bbox 792 425 932 464; x_wconf 87' lang='lat' dir='ltr'>laudat.</span> <span class='ocrx_word' id='word_1_33' title='bbox 956 438 991 475; x_wconf 88' lang='lat' dir='ltr'>p.</span> <span class='ocrx_word' id='word_1_34' title='bbox 1009 422 1081 474; x_wconf 78' lang='lat'>368</span> <span class='ocrx_word' id='word_1_35' title='bbox 1100 422 1124 463; x_wconf 85' lang='lat' dir='ltr'>f.</span> <span class='ocrx_word' id='word_1_36' title='bbox 1150 423 1189 460; x_wconf 78' lang='grc' dir='ltr'>δι</span> <span class='ocrx_word' id='word_1_37' title='bbox 1206 422 1293 474; x_wconf 79' lang='lat'><em>369.</em></span> <span class='ocrx_word' id='word_1_38' title='bbox 1315 421 1463 460; x_wconf 75' lang='lat' dir='ltr'>Rmz.</span> 
     </span>
    </p>

    <p class='ocr_par' dir='ltr' id='par_1_3' title="bbox 601 474 1653 531">
     <span class='ocr_line' id='line_1_6' title="bbox 601 474 1653 531; baseline -0.004 -14"><span class='ocrx_word' id='word_1_39' title='bbox 601 482 677 517; x_wconf 72' lang='lat' dir='ltr'>ead.</span> <span class='ocrx_word' id='word_1_40' title='bbox 693 479 766 530; x_wconf 87' lang='lat' dir='ltr'>l.9.</span> <span class='ocrx_word' id='word_1_41' title='bbox 788 478 829 516; x_wconf 77' lang='lat' dir='ltr'>Ti</span> <span class='ocrx_word' id='word_1_42' title='bbox 850 480 928 531; x_wconf 60' lang='grc' dir='ltr'>γὰρ</span> <span class='ocrx_word' id='word_1_43' title='bbox 950 476 1021 515; x_wconf 65' lang='grc' dir='ltr'>τῶν</span> <span class='ocrx_word' id='word_1_44' title='bbox 1045 474 1184 528; x_wconf 69' lang='grc' dir='ltr'>ὀστῶν)</span> <span class='ocrx_word' id='word_1_45' title='bbox 1204 476 1370 514; x_wconf 80' lang='lat' dir='ltr'>Subaudi</span> <span class='ocrx_word' id='word_1_46' title='bbox 1389 474 1460 514; x_wconf 63' lang='lat' dir='ltr'>ssi</span> <span class='ocrx_word' id='word_1_47' title='bbox 1486 475 1653 515; x_wconf 83' lang='lat' dir='ltr'>GUYET.</span> 
     </span>
    </p>

    <p class='ocr_par' dir='ltr' id='par_1_4' title="bbox 548 525 1814 1062">
     <span class='ocr_line' id='line_1_7' title="bbox 602 525 1811 583; baseline -0.001 -13"><span class='ocrx_word' id='word_1_48' title='bbox 602 534 674 571; x_wconf 80' lang='lat' dir='ltr'>ead.</span> <span class='ocrx_word' id='word_1_49' title='bbox 693 532 715 570; x_wconf 91' lang='lat' dir='ltr'>l.</span> <span class='ocrx_word' id='word_1_50' title='bbox 738 545 794 570; x_wconf 87' lang='lat'>11.</span> <span class='ocrx_word' id='word_1_51' title='bbox 812 537 905 583; x_wconf 65' lang='grc' dir='ltr'>Πρὶς</span> <span class='ocrx_word' id='word_1_52' title='bbox 921 530 1002 575; x_wconf 72' lang='grc' dir='ltr'>βίαν</span> <span class='ocrx_word' id='word_1_53' title='bbox 1017 528 1208 580; x_wconf 74' lang='grc' dir='ltr'>κατέχειν</span> <span class='ocrx_word' id='word_1_54' title='bbox 1223 529 1427 568; x_wconf 62' lang='grc' dir='ltr'>ἀδύνατον.</span> <span class='ocrx_word' id='word_1_55' title='bbox 1442 532 1541 566; x_wconf 84' lang='grc' dir='ltr'><strong>ΑΝΤ.</strong></span> <span class='ocrx_word' id='word_1_56' title='bbox 1560 529 1650 568; x_wconf 58' lang='grc' dir='ltr'>ΤίςΓ</span> <span class='ocrx_word' id='word_1_57' title='bbox 1665 525 1702 568; x_wconf 74' lang='grc' dir='ltr'>οὗ</span> <span class='ocrx_word' id='word_1_58' title='bbox 1721 528 1811 581; x_wconf 59' lang='lat'>§551¹-</span> 
     </span>
     <span class='ocr_line' id='line_1_8' title="bbox 548 582 1812 636; baseline -0.002 -12"><span class='ocrx_word' id='word_1_59' title='bbox 548 599 601 623; x_wconf 63' lang='grc' dir='ltr'>τα,</span> <span class='ocrx_word' id='word_1_60' title='bbox 622 582 930 636; x_wconf 46' lang='grc' dir='ltr'>κατειλήφατῆ)</span> <span class='ocrx_word' id='word_1_61' title='bbox 952 584 995 622; x_wconf 87' lang='lat' dir='ltr'>In</span> <span class='ocrx_word' id='word_1_62' title='bbox 1011 596 1114 622; x_wconf 88' lang='lat' dir='ltr'>omn.</span> <span class='ocrx_word' id='word_1_63' title='bbox 1131 583 1211 621; x_wconf 91' lang='lat' dir='ltr'>edd.</span> <span class='ocrx_word' id='word_1_64' title='bbox 1235 583 1326 621; x_wconf 81' lang='lat' dir='ltr'>haec</span> <span class='ocrx_word' id='word_1_65' title='bbox 1346 582 1395 620; x_wconf 85' lang='lat' dir='ltr'>ita</span> <span class='ocrx_word' id='word_1_66' title='bbox 1416 582 1651 621; x_wconf 85' lang='lat' dir='ltr'>habebantur</span> <span class='ocrx_word' id='word_1_67' title='bbox 1671 583 1812 622; x_wconf 85' lang='lat' dir='ltr'>confu-</span> 
     </span>
     <span class='ocr_line' id='line_1_9' title="bbox 548 632 1812 690; baseline -0.001 -13"><span class='ocrx_word' id='word_1_68' title='bbox 548 639 609 679; x_wconf 84' lang='lat' dir='ltr'>sa:</span> <span class='ocrx_word' id='word_1_69' title='bbox 637 641 725 690; x_wconf 58' lang='grc' dir='ltr'>πρὸς</span> <span class='ocrx_word' id='word_1_70' title='bbox 747 639 831 684; x_wconf 71' lang='grc' dir='ltr'>βίαν</span> <span class='ocrx_word' id='word_1_71' title='bbox 855 638 1039 689; x_wconf 68' lang='grc' dir='ltr'>κατέχειν</span> <span class='ocrx_word' id='word_1_72' title='bbox 1066 635 1266 674; x_wconf 56' lang='grc' dir='ltr'><em>ἀδύνατον.</em></span> <span class='ocrx_word' id='word_1_73' title='bbox 1300 632 1337 673; x_wconf 73' lang='grc' dir='ltr'>οὗ</span> <span class='ocrx_word' id='word_1_74' title='bbox 1358 635 1548 681; x_wconf 69' lang='grc' dir='ltr'><strong><em>Βοιωτίοις,</em></strong></span> <span class='ocrx_word' id='word_1_75' title='bbox 1573 634 1640 674; x_wconf 69' lang='grc' dir='ltr'>οὔθ’</span> <span class='ocrx_word' id='word_1_76' title='bbox 1668 635 1745 675; x_wconf 75' lang='grc' dir='ltr'><em>ἔνθα.</em></span> <span class='ocrx_word' id='word_1_77' title='bbox 1767 647 1812 676; x_wconf 72' lang='grc' dir='ltr'>τι</span> 
     </span>
     <span class='ocr_line' id='line_1_10' title="bbox 549 687 1813 745; baseline -0.003 -13"><span class='ocrx_word' id='word_1_78' title='bbox 549 692 639 745; x_wconf 64' lang='grc' dir='ltr'>παρ’</span> <span class='ocrx_word' id='word_1_79' title='bbox 654 691 742 744; x_wconf 76' lang='grc' dir='ltr'>ἐμοῦ</span> <span class='ocrx_word' id='word_1_80' title='bbox 767 691 943 735; x_wconf 69' lang='grc' dir='ltr'>λαβόντες</span> <span class='ocrx_word' id='word_1_81' title='bbox 965 693 1040 729; x_wconf 70' lang='grc' dir='ltr'>ὄις.</span> <span class='ocrx_word' id='word_1_82' title='bbox 1064 703 1084 727; x_wconf 88' lang='lat' dir='ltr'>a</span> <span class='ocrx_word' id='word_1_83' title='bbox 1105 702 1136 728; x_wconf 93' lang='lat' dir='ltr'>c.</span> <span class='ocrx_word' id='word_1_84' title='bbox 1159 704 1207 740; x_wconf 88' lang='lat'>34</span> <span class='ocrx_word' id='word_1_85' title='bbox 1228 687 1306 728; x_wconf 88' lang='lat' dir='ltr'>fere</span> <span class='ocrx_word' id='word_1_86' title='bbox 1327 689 1373 726; x_wconf 88' lang='lat' dir='ltr'>ad</span> <span class='ocrx_word' id='word_1_87' title='bbox 1393 689 1457 727; x_wconf 83' lang='lat' dir='ltr'>fin.</span> <span class='ocrx_word' id='word_1_88' title='bbox 1482 702 1529 741; x_wconf 80' lang='lat'>37</span> <span class='ocrx_word' id='word_1_89' title='bbox 1548 689 1622 729; x_wconf 87' lang='lat' dir='ltr'>huc</span> <span class='ocrx_word' id='word_1_90' title='bbox 1650 689 1813 739; x_wconf 87' lang='lat' dir='ltr'>infarta,</span> 
     </span>
     <span class='ocr_line' id='line_1_11' title="bbox 550 742 1811 797; baseline -0.002 -12"><span class='ocrx_word' id='word_1_91' title='bbox 550 760 650 797; x_wconf 86' lang='lat' dir='ltr'>quae</span> <span class='ocrx_word' id='word_1_92' title='bbox 669 744 957 796; x_wconf 75' lang='lat' dir='ltr'>transpositione</span> <span class='ocrx_word' id='word_1_93' title='bbox 979 743 1137 781; x_wconf 88' lang='lat' dir='ltr'>sananda</span> <span class='ocrx_word' id='word_1_94' title='bbox 1152 744 1266 781; x_wconf 86' lang='lat' dir='ltr'>etiam</span> <span class='ocrx_word' id='word_1_95' title='bbox 1287 754 1418 782; x_wconf 88' lang='lat' dir='ltr'>monet</span> <span class='ocrx_word' id='word_1_96' title='bbox 1433 743 1636 793; x_wconf 88' lang='lat' dir='ltr'>Anonym.</span> <span class='ocrx_word' id='word_1_97' title='bbox 1650 744 1686 781; x_wconf 90' lang='lat' dir='ltr'>in</span> <span class='ocrx_word' id='word_1_98' title='bbox 1703 742 1811 783; x_wconf 87' lang='lat' dir='ltr'>Misc.</span> 
     </span>
     <span class='ocr_line' id='line_1_12' title="bbox 549 795 1813 849; baseline -0.002 -10"><span class='ocrx_word' id='word_1_99' title='bbox 549 799 644 839; x_wconf 78' lang='lat' dir='ltr'>Obs.</span> <span class='ocrx_word' id='word_1_100' title='bbox 662 801 804 839; x_wconf 77' lang='lat' dir='ltr'>Britan.</span> <span class='ocrx_word' id='word_1_101' title='bbox 828 798 923 836; x_wconf 86' lang='lat' dir='ltr'>Maii</span> <span class='ocrx_word' id='word_1_102' title='bbox 944 798 983 836; x_wconf 88' lang='lat'>&amp;</span> <span class='ocrx_word' id='word_1_103' title='bbox 1004 797 1085 835; x_wconf 85' lang='lat' dir='ltr'>Iun.</span> <span class='ocrx_word' id='word_1_104' title='bbox 1111 810 1222 847; x_wconf 82' lang='lat'>1733,</span> <span class='ocrx_word' id='word_1_105' title='bbox 1244 810 1278 847; x_wconf 86' lang='lat' dir='ltr'>p.</span> <span class='ocrx_word' id='word_1_106' title='bbox 1299 809 1384 849; x_wconf 83' lang='lat'>370.</span> <span class='ocrx_word' id='word_1_107' title='bbox 1402 796 1556 847; x_wconf 83' lang='lat' dir='ltr'>Aliquid</span> <span class='ocrx_word' id='word_1_108' title='bbox 1572 795 1692 835; x_wconf 83' lang='lat' dir='ltr'>deeffe</span> <span class='ocrx_word' id='word_1_109' title='bbox 1711 798 1813 836; x_wconf 84' lang='lat' dir='ltr'>vide-</span> 
     </span>
     <span class='ocr_line' id='line_1_13' title="bbox 551 848 1811 902; baseline -0.002 -10"><span class='ocrx_word' id='word_1_110' title='bbox 551 866 608 892; x_wconf 81' lang='lat' dir='ltr'>rat</span> <span class='ocrx_word' id='word_1_111' title='bbox 625 854 664 891; x_wconf 68' lang='grc' dir='ltr'>ἃ</span> <span class='ocrx_word' id='word_1_112' title='bbox 685 851 810 891; x_wconf 84' lang='lat' dir='ltr'>Wolf.</span> <span class='ocrx_word' id='word_1_113' title='bbox 828 852 937 890; x_wconf 88' lang='lat' dir='ltr'>initio</span> <span class='ocrx_word' id='word_1_114' title='bbox 958 863 1119 902; x_wconf 84' lang='lat' dir='ltr'>operum</span> <span class='ocrx_word' id='word_1_115' title='bbox 1142 849 1343 888; x_wconf 80' lang='lat' dir='ltr'>Demoflli.</span> <span class='ocrx_word' id='word_1_116' title='bbox 1367 848 1679 900; x_wconf 84' lang='lat' dir='ltr'>Transpositione</span> <span class='ocrx_word' id='word_1_117' title='bbox 1697 852 1811 890; x_wconf 89' lang='lat' dir='ltr'>etiam</span> 
     </span>
     <span class='ocr_line' id='line_1_14' title="bbox 551 902 1814 956; baseline -0.005 -11"><span class='ocrx_word' id='word_1_118' title='bbox 551 906 750 946; x_wconf 76' lang='lat' dir='ltr'>sanaverat</span> <span class='ocrx_word' id='word_1_119' title='bbox 772 905 900 944; x_wconf 86' lang='lat' dir='ltr'>Solan.</span> <span class='ocrx_word' id='word_1_120' title='bbox 924 905 1090 956; x_wconf 71' lang='lat' dir='ltr'>exceptis</span> <span class='ocrx_word' id='word_1_121' title='bbox 1120 903 1274 942; x_wconf 87' lang='lat' dir='ltr'>duobus</span> <span class='ocrx_word' id='word_1_122' title='bbox 1299 902 1559 955; x_wconf 63' lang='lat' dir='ltr'>versib.‘quos</span> <span class='ocrx_word' id='word_1_123' title='bbox 1585 905 1690 942; x_wconf 88' lang='lat' dir='ltr'>aliter</span> <span class='ocrx_word' id='word_1_124' title='bbox 1717 916 1814 944; x_wconf 83' lang='lat' dir='ltr'>con.</span> 
     </span>
     <span class='ocr_line' id='line_1_15' title="bbox 552 956 1814 1010; baseline -0.002 -12"><span class='ocrx_word' id='word_1_125' title='bbox 552 959 685 999; x_wconf 74' lang='lat' dir='ltr'>stituit.</span> <span class='ocrx_word' id='word_1_126' title='bbox 709 960 762 998; x_wconf 92' lang='lat' dir='ltr'>At</span> <span class='ocrx_word' id='word_1_127' title='bbox 782 972 852 997; x_wconf 87' lang='lat' dir='ltr'>nos</span> <span class='ocrx_word' id='word_1_128' title='bbox 876 958 1087 998; x_wconf 83' lang='lat' dir='ltr'>Gel&#39;nerum</span> <span class='ocrx_word' id='word_1_129' title='bbox 1119 956 1324 1007; x_wconf 82' lang='lat' dir='ltr'>sequimur.</span> <span class='ocrx_word' id='word_1_130' title='bbox 1348 956 1573 996; x_wconf 86' lang='lat' dir='ltr'>Differentia</span> <span class='ocrx_word' id='word_1_131' title='bbox 1596 958 1734 1010; x_wconf 84' lang='lat' dir='ltr'>cuique</span> <span class='ocrx_word' id='word_1_132' title='bbox 1763 970 1814 998; x_wconf 84' lang='lat' dir='ltr'>ex</span> 
     </span>
     <span class='ocr_line' id='line_1_16' title="bbox 551 1011 1303 1062; baseline -0.008 -9"><span class='ocrx_word' id='word_1_133' title='bbox 551 1014 761 1055; x_wconf 83' lang='lat' dir='ltr'>collatione</span> <span class='ocrx_word' id='word_1_134' title='bbox 779 1013 872 1051; x_wconf 87' lang='lat' dir='ltr'>alius</span> <span class='ocrx_word' id='word_1_135' title='bbox 896 1012 952 1051; x_wconf 91' lang='lat' dir='ltr'>ed.</span> <span class='ocrx_word' id='word_1_136' title='bbox 978 1011 1131 1062; x_wconf 85' lang='lat' dir='ltr'>patebit.</span> <span class='ocrx_word' id='word_1_137' title='bbox 1157 1011 1303 1049; x_wconf 62' lang='lat' dir='ltr'>Reitz.</span> 
     </span>
    </p>

    <p class='ocr_par' dir='ltr' id='par_1_5' title="bbox 554 1061 1821 2509">
     <span class='ocr_line' id='line_1_17' title="bbox 607 1061 1816 1118; baseline -0.004 -13"><span class='ocrx_word' id='word_1_138' title='bbox 607 1071 679 1105; x_wconf 65' lang='lat' dir='ltr'>ead.</span> <span class='ocrx_word' id='word_1_139' title='bbox 695 1068 717 1105; x_wconf 92' lang='lat' dir='ltr'>l.</span> <span class='ocrx_word' id='word_1_140' title='bbox 737 1080 792 1104; x_wconf 86' lang='lat'>12.</span> <span class='ocrx_word' id='word_1_141' title='bbox 810 1066 998 1118; x_wconf 75' lang='grc' dir='ltr'>Κατέχειν</span> <span class='ocrx_word' id='word_1_142' title='bbox 1010 1062 1208 1103; x_wconf 47' lang='grc' dir='ltr'>ἀδύνατον.</span> <span class='ocrx_word' id='word_1_143' title='bbox 1227 1067 1325 1102; x_wconf 84' lang='grc' dir='ltr'><strong>ΑΝΤ.</strong></span> <span class='ocrx_word' id='word_1_144' title='bbox 1339 1063 1382 1102; x_wconf 85' lang='grc' dir='ltr'>Τί</span> <span class='ocrx_word' id='word_1_145' title='bbox 1397 1062 1435 1101; x_wconf 59' lang='lat'>&lt;5⁹</span> <span class='ocrx_word' id='word_1_146' title='bbox 1453 1061 1491 1102; x_wconf 75' lang='grc' dir='ltr'>οὗ</span> <span class='ocrx_word' id='word_1_147' title='bbox 1507 1062 1523 1116; x_wconf 92' lang='grc'>)</span> <span class='ocrx_word' id='word_1_148' title='bbox 1542 1063 1741 1113; x_wconf 74' lang='lat' dir='ltr'>Potuitne,</span> <span class='ocrx_word' id='word_1_149' title='bbox 1762 1064 1816 1104; x_wconf 85' lang='lat' dir='ltr'>le.</span> 
     </span>
     <span class='ocr_line' id='line_1_18' title="bbox 555 1117 1816 1168; baseline -0.001 -9"><span class='ocrx_word' id='word_1_150' title='bbox 555 1121 655 1166; x_wconf 57' lang='lat' dir='ltr'>otor,</span> <span class='ocrx_word' id='word_1_151' title='bbox 686 1120 819 1159; x_wconf 86' lang='lat' dir='ltr'>melius</span> <span class='ocrx_word' id='word_1_152' title='bbox 839 1119 1052 1158; x_wconf 86' lang='lat' dir='ltr'>continuari</span> <span class='ocrx_word' id='word_1_153' title='bbox 1076 1117 1226 1156; x_wconf 86' lang='lat' dir='ltr'>oratio?</span> <span class='ocrx_word' id='word_1_154' title='bbox 1248 1117 1380 1168; x_wconf 80' lang='lat' dir='ltr'>Quam</span> <span class='ocrx_word' id='word_1_155' title='bbox 1406 1118 1503 1156; x_wconf 91' lang='lat' dir='ltr'>male</span> <span class='ocrx_word' id='word_1_156' title='bbox 1527 1131 1623 1157; x_wconf 88' lang='lat' dir='ltr'>vero</span> <span class='ocrx_word' id='word_1_157' title='bbox 1645 1120 1682 1157; x_wconf 91' lang='lat' dir='ltr'>in</span> <span class='ocrx_word' id='word_1_158' title='bbox 1707 1119 1816 1158; x_wconf 87' lang='lat' dir='ltr'>libris</span> 
     </span>
     <span class='ocr_line' id='line_1_19' title="bbox 554 1170 1816 1223; baseline -0.002 -10"><span class='ocrx_word' id='word_1_159' title='bbox 554 1176 735 1213; x_wconf 87' lang='lat' dir='ltr'>omnibus</span> <span class='ocrx_word' id='word_1_160' title='bbox 758 1185 838 1211; x_wconf 87' lang='lat' dir='ltr'>tum</span> <span class='ocrx_word' id='word_1_161' title='bbox 869 1174 994 1218; x_wconf 86' lang='lat' dir='ltr'>editis,</span> <span class='ocrx_word' id='word_1_162' title='bbox 1013 1183 1091 1210; x_wconf 84' lang='lat' dir='ltr'>tum</span> <span class='ocrx_word' id='word_1_163' title='bbox 1109 1202 1119 1219; x_wconf 79' lang='grc'>,</span> <span class='ocrx_word' id='word_1_164' title='bbox 1141 1182 1326 1223; x_wconf 86' lang='lat' dir='ltr'>quantum</span> <span class='ocrx_word' id='word_1_165' title='bbox 1349 1170 1443 1209; x_wconf 86' lang='lat' dir='ltr'>mihi</span> <span class='ocrx_word' id='word_1_166' title='bbox 1469 1171 1643 1210; x_wconf 85' lang='lat' dir='ltr'>constare</span> <span class='ocrx_word' id='word_1_167' title='bbox 1665 1173 1816 1223; x_wconf 83' lang='lat' dir='ltr'>potuit,</span> 
     </span>
     <span class='ocr_line' id='line_1_20' title="bbox 556 1225 1816 1278; baseline -0.002 -11"><span class='ocrx_word' id='word_1_168' title='bbox 556 1228 644 1268; x_wconf 72' lang='lat' dir='ltr'>Mss&#39;.</span> <span class='ocrx_word' id='word_1_169' title='bbox 669 1229 714 1266; x_wconf 91' lang='lat' dir='ltr'>ab</span> <span class='ocrx_word' id='word_1_170' title='bbox 744 1228 819 1266; x_wconf 85' lang='lat' dir='ltr'>lioc</span> <span class='ocrx_word' id='word_1_171' title='bbox 844 1227 928 1264; x_wconf 84' lang='lat' dir='ltr'>inde</span> <span class='ocrx_word' id='word_1_172' title='bbox 954 1226 1045 1264; x_wconf 90' lang='lat' dir='ltr'>loco</span> <span class='ocrx_word' id='word_1_173' title='bbox 1076 1236 1199 1276; x_wconf 85' lang='lat' dir='ltr'>partes</span> <span class='ocrx_word' id='word_1_174' title='bbox 1223 1225 1612 1273; x_wconf 83' lang='lat' dir='ltr'>commentariorum,</span> <span class='ocrx_word' id='word_1_175' title='bbox 1638 1237 1681 1263; x_wconf 93' lang='lat' dir='ltr'>ut</span> <span class='ocrx_word' id='word_1_176' title='bbox 1705 1225 1816 1278; x_wconf 85' lang='lat' dir='ltr'>fingi·</span> 
     </span>
     <span class='ocr_line' id='line_1_21' title="bbox 556 1277 1818 1329; baseline -0.002 -8"><span class='ocrx_word' id='word_1_177' title='bbox 556 1293 635 1329; x_wconf 78' lang='lat' dir='ltr'>tur,</span> <span class='ocrx_word' id='word_1_178' title='bbox 652 1281 989 1320; x_wconf 84' lang='lat' dir='ltr'>Macedonicorum</span> <span class='ocrx_word' id='word_1_179' title='bbox 1011 1280 1106 1316; x_wconf 85' lang='lat' dir='ltr'>inter</span> <span class='ocrx_word' id='word_1_180' title='bbox 1130 1277 1163 1317; x_wconf 89' lang='lat' dir='ltr'>se</span> <span class='ocrx_word' id='word_1_181' title='bbox 1179 1277 1430 1325; x_wconf 79' lang='lat' dir='ltr'>cohaeserint,</span> <span class='ocrx_word' id='word_1_182' title='bbox 1451 1280 1512 1317; x_wconf 91' lang='lat' dir='ltr'>vel</span> <span class='ocrx_word' id='word_1_183' title='bbox 1529 1279 1720 1319; x_wconf 65' lang='lat' dir='ltr'>distractae</span> <span class='ocrx_word' id='word_1_184' title='bbox 1736 1280 1818 1319; x_wconf 86' lang='lat' dir='ltr'>fue-</span> 
     </span>
     <span class='ocr_line' id='line_1_22' title="bbox 557 1331 1817 1387; baseline -0.002 -13"><span class='ocrx_word' id='word_1_185' title='bbox 557 1336 630 1374; x_wconf 83' lang='lat' dir='ltr'>rint</span> <span class='ocrx_word' id='word_1_186' title='bbox 655 1336 804 1387; x_wconf 77' lang='lat' dir='ltr'>potius,</span> <span class='ocrx_word' id='word_1_187' title='bbox 829 1332 935 1372; x_wconf 87' lang='lat' dir='ltr'>facile</span> <span class='ocrx_word' id='word_1_188' title='bbox 960 1333 1164 1383; x_wconf 78' lang='lat' dir='ltr'>intelliget,</span> <span class='ocrx_word' id='word_1_189' title='bbox 1189 1331 1216 1369; x_wconf 91' lang='lat' dir='ltr'>si</span> <span class='ocrx_word' id='word_1_190' title='bbox 1233 1332 1318 1383; x_wconf 89' lang='lat' dir='ltr'>quis</span> <span class='ocrx_word' id='word_1_191' title='bbox 1336 1331 1510 1371; x_wconf 84' lang='lat' dir='ltr'>conferre</span> <span class='ocrx_word' id='word_1_192' title='bbox 1531 1345 1617 1371; x_wconf 87' lang='lat' dir='ltr'>cum</span> <span class='ocrx_word' id='word_1_193' title='bbox 1640 1332 1714 1372; x_wconf 82' lang='lat' dir='ltr'>hac</span> <span class='ocrx_word' id='word_1_194' title='bbox 1731 1333 1817 1372; x_wconf 89' lang='lat' dir='ltr'>edi-</span> 
     </span>
     <span class='ocr_line' id='line_1_23' title="bbox 556 1386 1815 1440; baseline -0.001 -14"><span class='ocrx_word' id='word_1_195' title='bbox 556 1390 664 1427; x_wconf 86' lang='lat' dir='ltr'>tione</span> <span class='ocrx_word' id='word_1_196' title='bbox 688 1400 961 1440; x_wconf 80' lang='lat' dir='ltr'>quamcunque</span> <span class='ocrx_word' id='word_1_197' title='bbox 986 1386 1096 1424; x_wconf 86' lang='lat' dir='ltr'>aliam</span> <span class='ocrx_word' id='word_1_198' title='bbox 1120 1386 1308 1424; x_wconf 85' lang='lat' dir='ltr'>voluerit:</span> <span class='ocrx_word' id='word_1_199' title='bbox 1334 1386 1406 1438; x_wconf 91' lang='lat' dir='ltr'>(ne</span> <span class='ocrx_word' id='word_1_200' title='bbox 1434 1398 1532 1437; x_wconf 89' lang='lat' dir='ltr'>opus</span> <span class='ocrx_word' id='word_1_201' title='bbox 1557 1386 1599 1424; x_wconf 88' lang='lat' dir='ltr'>sit</span> <span class='ocrx_word' id='word_1_202' title='bbox 1627 1387 1670 1424; x_wconf 92' lang='lat' dir='ltr'>ad</span> <span class='ocrx_word' id='word_1_203' title='bbox 1699 1387 1815 1425; x_wconf 85' lang='lat' dir='ltr'>alium</span> 
     </span>
     <span class='ocr_line' id='line_1_24' title="bbox 558 1438 1817 1490; baseline -0.002 -9"><span class='ocrx_word' id='word_1_204' title='bbox 558 1443 696 1481; x_wconf 85' lang='lat' dir='ltr'>librum</span> <span class='ocrx_word' id='word_1_205' title='bbox 721 1443 944 1484; x_wconf 78' lang='lat' dir='ltr'>decurrere,</span> <span class='ocrx_word' id='word_1_206' title='bbox 974 1439 1110 1490; x_wconf 74' lang='lat' dir='ltr'>rogavi</span> <span class='ocrx_word' id='word_1_207' title='bbox 1134 1438 1273 1477; x_wconf 64' lang='lat' dir='ltr'>dottiff.</span> <span class='ocrx_word' id='word_1_208' title='bbox 1300 1439 1490 1477; x_wconf 82' lang='lat' dir='ltr'>Reitzium</span> <span class='ocrx_word' id='word_1_209' title='bbox 1509 1468 1519 1485; x_wconf 78' lang='lat'>‚</span> <span class='ocrx_word' id='word_1_210' title='bbox 1544 1451 1585 1477; x_wconf 89' lang='lat' dir='ltr'>ut</span> <span class='ocrx_word' id='word_1_211' title='bbox 1613 1438 1746 1479; x_wconf 82' lang='lat' dir='ltr'>subiici</span> <span class='ocrx_word' id='word_1_212' title='bbox 1770 1441 1817 1480; x_wconf 91' lang='lat' dir='ltr'>ad</span> 
     </span>
     <span class='ocr_line' id='line_1_25' title="bbox 557 1492 1818 1543; baseline -0.001 -9"><span class='ocrx_word' id='word_1_213' title='bbox 557 1496 672 1534; x_wconf 79' lang='lat' dir='ltr'>finem</span> <span class='ocrx_word' id='word_1_214' title='bbox 698 1495 812 1533; x_wconf 83' lang='lat' dir='ltr'>libelli</span> <span class='ocrx_word' id='word_1_215' title='bbox 830 1505 955 1532; x_wconf 86' lang='lat' dir='ltr'>totum</span> <span class='ocrx_word' id='word_1_216' title='bbox 979 1493 1107 1531; x_wconf 89' lang='lat' dir='ltr'>locum</span> <span class='ocrx_word' id='word_1_217' title='bbox 1123 1522 1133 1536; x_wconf 91' lang='lat'><em>,</em></span> <span class='ocrx_word' id='word_1_218' title='bbox 1155 1493 1354 1543; x_wconf 88' lang='lat' dir='ltr'>quomodo</span> <span class='ocrx_word' id='word_1_219' title='bbox 1376 1504 1485 1532; x_wconf 87' lang='lat' dir='ltr'>antea</span> <span class='ocrx_word' id='word_1_220' title='bbox 1500 1493 1621 1531; x_wconf 86' lang='lat' dir='ltr'>editus</span> <span class='ocrx_word' id='word_1_221' title='bbox 1635 1492 1704 1532; x_wconf 81' lang='lat' dir='ltr'>fuit</span> <span class='ocrx_word' id='word_1_222' title='bbox 1718 1522 1729 1541; x_wconf 87' lang='lat'>‚</span> <span class='ocrx_word' id='word_1_223' title='bbox 1748 1506 1818 1533; x_wconf 88' lang='lat' dir='ltr'>cu-</span> 
     </span>
     <span class='ocr_line' id='line_1_26' title="bbox 558 1545 1818 1601; baseline -0.002 -13"><span class='ocrx_word' id='word_1_224' title='bbox 558 1550 646 1601; x_wconf 83' lang='lat' dir='ltr'>ret.)</span> <span class='ocrx_word' id='word_1_225' title='bbox 664 1550 783 1601; x_wconf 82' lang='lat' dir='ltr'>Igitur</span> <span class='ocrx_word' id='word_1_226' title='bbox 800 1548 979 1599; x_wconf 87' lang='lat' dir='ltr'>putabam</span> <span class='ocrx_word' id='word_1_227' title='bbox 998 1559 1058 1585; x_wconf 89' lang='lat' dir='ltr'>me</span> <span class='ocrx_word' id='word_1_228' title='bbox 1076 1545 1205 1584; x_wconf 75' lang='lat' dir='ltr'>vidifl&#39;e</span> <span class='ocrx_word' id='word_1_229' title='bbox 1221 1546 1377 1597; x_wconf 89' lang='lat' dir='ltr'>aliquid,</span> <span class='ocrx_word' id='word_1_230' title='bbox 1398 1558 1485 1585; x_wconf 85' lang='lat' dir='ltr'>cum</span> <span class='ocrx_word' id='word_1_231' title='bbox 1503 1557 1590 1584; x_wconf 85' lang='lat' dir='ltr'>ante</span> <span class='ocrx_word' id='word_1_232' title='bbox 1606 1546 1675 1585; x_wconf 85' lang='lat' dir='ltr'>hos</span> <span class='ocrx_word' id='word_1_233' title='bbox 1693 1548 1818 1599; x_wconf 84' lang='lat' dir='ltr'>vigin-</span> 
     </span>
     <span class='ocr_line' id='line_1_27' title="bbox 560 1599 1818 1653; baseline -0.001 -12"><span class='ocrx_word' id='word_1_234' title='bbox 560 1604 587 1641; x_wconf 84' lang='lat' dir='ltr'>ti</span> <span class='ocrx_word' id='word_1_235' title='bbox 613 1615 734 1641; x_wconf 84' lang='lat' dir='ltr'>annos</span> <span class='ocrx_word' id='word_1_236' title='bbox 764 1600 1032 1645; x_wconf 83' lang='lat' dir='ltr'>observarem,</span> <span class='ocrx_word' id='word_1_237' title='bbox 1056 1599 1285 1638; x_wconf 77' lang='lat' dir='ltr'>translocata</span> <span class='ocrx_word' id='word_1_238' title='bbox 1314 1600 1351 1637; x_wconf 89' lang='lat' dir='ltr'>in</span> <span class='ocrx_word' id='word_1_239' title='bbox 1377 1600 1501 1645; x_wconf 90' lang='lat' dir='ltr'>libro,</span> <span class='ocrx_word' id='word_1_240' title='bbox 1529 1600 1628 1638; x_wconf 90' lang='lat' dir='ltr'>unde</span> <span class='ocrx_word' id='word_1_241' title='bbox 1654 1600 1818 1653; x_wconf 88' lang='lat' dir='ltr'>reliqui,</span> 
     </span>
     <span class='ocr_line' id='line_1_28' title="bbox 559 1652 1818 1709; baseline 0 -15"><span class='ocrx_word' id='word_1_242' title='bbox 559 1657 626 1709; x_wconf 87' lang='lat' dir='ltr'>qui</span> <span class='ocrx_word' id='word_1_243' title='bbox 653 1656 818 1700; x_wconf 81' lang='lat' dir='ltr'>exstant,</span> <span class='ocrx_word' id='word_1_244' title='bbox 839 1667 972 1694; x_wconf 83' lang='lat' dir='ltr'>omnes</span> <span class='ocrx_word' id='word_1_245' title='bbox 1003 1653 1161 1692; x_wconf 83' lang='lat' dir='ltr'>derivati</span> <span class='ocrx_word' id='word_1_246' title='bbox 1189 1653 1295 1697; x_wconf 87' lang='lat' dir='ltr'>sunt,</span> <span class='ocrx_word' id='word_1_247' title='bbox 1323 1653 1400 1692; x_wconf 92' lang='lat' dir='ltr'>duo</span> <span class='ocrx_word' id='word_1_248' title='bbox 1422 1652 1512 1692; x_wconf 85' lang='lat' dir='ltr'>folia</span> <span class='ocrx_word' id='word_1_249' title='bbox 1538 1654 1732 1705; x_wconf 83' lang='lat' dir='ltr'>aequalia,</span> <span class='ocrx_word' id='word_1_250' title='bbox 1754 1655 1818 1694; x_wconf 91' lang='lat' dir='ltr'>vel</span> 
     </span>
     <span class='ocr_line' id='line_1_29' title="bbox 558 1705 1819 1763; baseline -0.001 -15"><span class='ocrx_word' id='word_1_251' title='bbox 558 1711 714 1763; x_wconf 79' lang='lat' dir='ltr'>paginas</span> <span class='ocrx_word' id='word_1_252' title='bbox 743 1710 838 1748; x_wconf 86' lang='lat' dir='ltr'>adeo</span> <span class='ocrx_word' id='word_1_253' title='bbox 861 1708 1022 1747; x_wconf 85' lang='lat' dir='ltr'>eiusdem</span> <span class='ocrx_word' id='word_1_254' title='bbox 1053 1707 1157 1752; x_wconf 81' lang='lat' dir='ltr'>folii,</span> <span class='ocrx_word' id='word_1_255' title='bbox 1187 1705 1391 1758; x_wconf 86' lang='lat' dir='ltr'>(versuum</span> <span class='ocrx_word' id='word_1_256' title='bbox 1421 1707 1459 1745; x_wconf 89' lang='lat' dir='ltr'>in</span> <span class='ocrx_word' id='word_1_257' title='bbox 1483 1706 1623 1746; x_wconf 84' lang='lat' dir='ltr'>Aldina</span> <span class='ocrx_word' id='word_1_258' title='bbox 1652 1708 1819 1748; x_wconf 82' lang='lat' dir='ltr'>editione</span> 
     </span>
     <span class='ocr_line' id='line_1_30' title="bbox 564 1760 1820 1816; baseline -0.002 -13"><span class='ocrx_word' id='word_1_259' title='bbox 564 1779 613 1816; x_wconf 87' lang='lat'>37</span> <span class='ocrx_word' id='word_1_260' title='bbox 635 1766 673 1803; x_wconf 63' lang='grc' dir='ltr'>δι</span> <span class='ocrx_word' id='word_1_261' title='bbox 695 1776 766 1812; x_wconf 85' lang='lat'>40,</span> <span class='ocrx_word' id='word_1_262' title='bbox 791 1764 827 1800; x_wconf 91' lang='lat' dir='ltr'>in</span> <span class='ocrx_word' id='word_1_263' title='bbox 848 1760 1059 1800; x_wconf 79' lang='lat' dir='ltr'>Basileensii</span> <span class='ocrx_word' id='word_1_264' title='bbox 1084 1773 1129 1810; x_wconf 88' lang='lat'>7¹</span> <span class='ocrx_word' id='word_1_265' title='bbox 1163 1760 1203 1798; x_wconf 73' lang='grc' dir='ltr'>δι</span> <span class='ocrx_word' id='word_1_266' title='bbox 1224 1760 1300 1812; x_wconf 87' lang='lat'>75)</span> <span class='ocrx_word' id='word_1_267' title='bbox 1323 1760 1459 1812; x_wconf 89' lang='lat' dir='ltr'>quibus</span> <span class='ocrx_word' id='word_1_268' title='bbox 1486 1760 1658 1811; x_wconf 74' lang='lat' dir='ltr'>repositis</span> <span class='ocrx_word' id='word_1_269' title='bbox 1689 1761 1748 1801; x_wconf 88' lang='lat' dir='ltr'>hic</span> <span class='ocrx_word' id='word_1_270' title='bbox 1773 1762 1820 1800; x_wconf 88' lang='lat' dir='ltr'>li-</span> 
     </span>
     <span class='ocr_line' id='line_1_31' title="bbox 560 1813 1819 1867; baseline -0.002 -11"><span class='ocrx_word' id='word_1_271' title='bbox 560 1818 704 1861; x_wconf 83' lang='lat' dir='ltr'>bellus,</span> <span class='ocrx_word' id='word_1_272' title='bbox 731 1817 795 1867; x_wconf 86' lang='lat' dir='ltr'>qui</span> <span class='ocrx_word' id='word_1_273' title='bbox 818 1816 936 1854; x_wconf 85' lang='lat' dir='ltr'>tribus</span> <span class='ocrx_word' id='word_1_274' title='bbox 956 1815 1053 1853; x_wconf 89' lang='lat' dir='ltr'>locis</span> <span class='ocrx_word' id='word_1_275' title='bbox 1077 1814 1210 1852; x_wconf 87' lang='lat' dir='ltr'>vitium</span> <span class='ocrx_word' id='word_1_276' title='bbox 1238 1825 1346 1852; x_wconf 90' lang='lat' dir='ltr'>antea</span> <span class='ocrx_word' id='word_1_277' title='bbox 1372 1815 1574 1866; x_wconf 79' lang='lat' dir='ltr'>prodebat,</span> <span class='ocrx_word' id='word_1_278' title='bbox 1595 1813 1730 1863; x_wconf 75' lang='lat' dir='ltr'>ianus,</span> <span class='ocrx_word' id='word_1_279' title='bbox 1760 1816 1819 1853; x_wconf 91' lang='lat' dir='ltr'>in-</span> 
     </span>
     <span class='ocr_line' id='line_1_32' title="bbox 561 1868 1820 1922; baseline -0.002 -14"><span class='ocrx_word' id='word_1_280' title='bbox 561 1881 683 1922; x_wconf 81' lang='lat' dir='ltr'>teger,</span> <span class='ocrx_word' id='word_1_281' title='bbox 702 1871 740 1908; x_wconf 76' lang='lat'>&amp;</span> <span class='ocrx_word' id='word_1_282' title='bbox 767 1871 911 1921; x_wconf 79' lang='lat' dir='ltr'>optime</span> <span class='ocrx_word' id='word_1_283' title='bbox 936 1869 1182 1907; x_wconf 85' lang='lat' dir='ltr'>continuatus</span> <span class='ocrx_word' id='word_1_284' title='bbox 1204 1878 1394 1919; x_wconf 88' lang='lat' dir='ltr'>appareat.</span> <span class='ocrx_word' id='word_1_285' title='bbox 1418 1868 1478 1906; x_wconf 91' lang='lat' dir='ltr'>Ad</span> <span class='ocrx_word' id='word_1_286' title='bbox 1505 1868 1578 1906; x_wconf 88' lang='lat' dir='ltr'>hoc</span> <span class='ocrx_word' id='word_1_287' title='bbox 1601 1868 1820 1921; x_wconf 76' lang='lat' dir='ltr'>intelligen-</span> 
     </span>
     <span class='ocr_line' id='line_1_33' title="bbox 561 1921 1819 1974; baseline -0.002 -12"><span class='ocrx_word' id='word_1_288' title='bbox 561 1925 651 1962; x_wconf 87' lang='lat' dir='ltr'>dum</span> <span class='ocrx_word' id='word_1_289' title='bbox 674 1923 762 1961; x_wconf 83' lang='lat' dir='ltr'>nihil</span> <span class='ocrx_word' id='word_1_290' title='bbox 786 1936 883 1974; x_wconf 83' lang='lat' dir='ltr'>opus</span> <span class='ocrx_word' id='word_1_291' title='bbox 908 1922 986 1968; x_wconf 85' lang='lat' dir='ltr'>est,</span> <span class='ocrx_word' id='word_1_292' title='bbox 1008 1934 1123 1972; x_wconf 86' lang='lat' dir='ltr'>quam</span> <span class='ocrx_word' id='word_1_293' title='bbox 1149 1931 1189 1959; x_wconf 89' lang='lat' dir='ltr'>ut</span> <span class='ocrx_word' id='word_1_294' title='bbox 1211 1922 1377 1960; x_wconf 88' lang='lat' dir='ltr'>attendat</span> <span class='ocrx_word' id='word_1_295' title='bbox 1403 1921 1522 1960; x_wconf 58' lang='lat' dir='ltr'>lector</span> <span class='ocrx_word' id='word_1_296' title='bbox 1547 1921 1712 1973; x_wconf 83' lang='lat' dir='ltr'>ubique,</span> <span class='ocrx_word' id='word_1_297' title='bbox 1732 1922 1819 1973; x_wconf 84' lang='lat' dir='ltr'>quis</span> 
     </span>
     <span class='ocr_line' id='line_1_34' title="bbox 561 1974 1818 2030; baseline -0.002 -14"><span class='ocrx_word' id='word_1_298' title='bbox 561 1978 724 2030; x_wconf 85' lang='lat' dir='ltr'>loquens</span> <span class='ocrx_word' id='word_1_299' title='bbox 747 1977 973 2021; x_wconf 81' lang='lat' dir='ltr'>inducatur,</span> <span class='ocrx_word' id='word_1_300' title='bbox 1007 1976 1046 2013; x_wconf 84' lang='lat'>&amp;</span> <span class='ocrx_word' id='word_1_301' title='bbox 1072 1975 1117 2013; x_wconf 90' lang='lat' dir='ltr'>de</span> <span class='ocrx_word' id='word_1_302' title='bbox 1147 1988 1222 2025; x_wconf 91' lang='lat' dir='ltr'>qua</span> <span class='ocrx_word' id='word_1_303' title='bbox 1245 1987 1285 2013; x_wconf 90' lang='lat' dir='ltr'>re</span> <span class='ocrx_word' id='word_1_304' title='bbox 1312 1984 1454 2025; x_wconf 83' lang='lat' dir='ltr'>agatur.</span> <span class='ocrx_word' id='word_1_305' title='bbox 1476 1974 1637 2013; x_wconf 85' lang='lat' dir='ltr'>Probata</span> <span class='ocrx_word' id='word_1_306' title='bbox 1662 1974 1714 2013; x_wconf 90' lang='lat' dir='ltr'>est</span> <span class='ocrx_word' id='word_1_307' title='bbox 1741 1976 1818 2014; x_wconf 89' lang='lat' dir='ltr'>iam</span> 
     </span>
     <span class='ocr_line' id='line_1_35' title="bbox 560 2027 1819 2081; baseline -0.001 -12"><span class='ocrx_word' id='word_1_308' title='bbox 560 2042 643 2070; x_wconf 85' lang='lat' dir='ltr'>tum</span> <span class='ocrx_word' id='word_1_309' title='bbox 660 2031 721 2069; x_wconf 89' lang='lat' dir='ltr'>illa</span> <span class='ocrx_word' id='word_1_310' title='bbox 742 2030 891 2069; x_wconf 85' lang='lat' dir='ltr'>curatio</span> <span class='ocrx_word' id='word_1_311' title='bbox 910 2027 1121 2068; x_wconf 68' lang='lat' dir='ltr'>dofflffimo</span> <span class='ocrx_word' id='word_1_312' title='bbox 1137 2030 1249 2074; x_wconf 84' lang='lat' dir='ltr'>viro,</span> <span class='ocrx_word' id='word_1_313' title='bbox 1270 2041 1382 2078; x_wconf 87' lang='lat' dir='ltr'>quem</span> <span class='ocrx_word' id='word_1_314' title='bbox 1403 2028 1492 2066; x_wconf 81' lang='lat' dir='ltr'>mihi</span> <span class='ocrx_word' id='word_1_315' title='bbox 1514 2040 1615 2067; x_wconf 90' lang='lat' dir='ltr'>nunc</span> <span class='ocrx_word' id='word_1_316' title='bbox 1634 2029 1819 2081; x_wconf 83' lang='lat' dir='ltr'>collegam</span> 
     </span>
     <span class='ocr_line' id='line_1_36' title="bbox 563 2080 1818 2134; baseline -0.001 -11"><span class='ocrx_word' id='word_1_317' title='bbox 563 2086 604 2124; x_wconf 63' lang='grc' dir='ltr'>δε</span> <span class='ocrx_word' id='word_1_318' title='bbox 624 2085 794 2123; x_wconf 90' lang='lat' dir='ltr'>vicinum</span> <span class='ocrx_word' id='word_1_319' title='bbox 808 2083 880 2121; x_wconf 81' lang='lat' dir='ltr'>effe</span> <span class='ocrx_word' id='word_1_320' title='bbox 896 2081 1060 2134; x_wconf 89' lang='lat' dir='ltr'>impense</span> <span class='ocrx_word' id='word_1_321' title='bbox 1076 2082 1239 2132; x_wconf 79' lang='lat' dir='ltr'>gaudeo,</span> <span class='ocrx_word' id='word_1_322' title='bbox 1251 2080 1297 2120; x_wconf 89' lang='lat' dir='ltr'>C.</span> <span class='ocrx_word' id='word_1_323' title='bbox 1313 2083 1361 2120; x_wconf 87' lang='lat' dir='ltr'>A.</span> <span class='ocrx_word' id='word_1_324' title='bbox 1376 2082 1623 2126; x_wconf 86' lang='lat' dir='ltr'>Heumanno,</span> <span class='ocrx_word' id='word_1_325' title='bbox 1641 2082 1684 2120; x_wconf 92' lang='lat' dir='ltr'>ad</span> <span class='ocrx_word' id='word_1_326' title='bbox 1702 2095 1818 2134; x_wconf 89' lang='lat' dir='ltr'>quem</span> 
     </span>
     <span class='ocr_line' id='line_1_37' title="bbox 561 2134 1818 2189; baseline -0.001 -13"><span class='ocrx_word' id='word_1_327' title='bbox 561 2138 661 2176; x_wconf 87' lang='lat' dir='ltr'>illam</span> <span class='ocrx_word' id='word_1_328' title='bbox 680 2136 964 2189; x_wconf 81' lang='lat' dir='ltr'>perscripseram</span> <span class='ocrx_word' id='word_1_329' title='bbox 980 2151 988 2175; x_wconf 72' lang='grc' dir='ltr'>ε</span> <span class='ocrx_word' id='word_1_330' title='bbox 1008 2136 1169 2186; x_wconf 85' lang='lat' dir='ltr'>probata</span> <span class='ocrx_word' id='word_1_331' title='bbox 1190 2135 1242 2174; x_wconf 86' lang='lat' dir='ltr'>est</span> <span class='ocrx_word' id='word_1_332' title='bbox 1256 2134 1466 2174; x_wconf 64' lang='lat' dir='ltr'>dottiffimo</span> <span class='ocrx_word' id='word_1_333' title='bbox 1486 2135 1611 2174; x_wconf 88' lang='lat' dir='ltr'>itidem</span> <span class='ocrx_word' id='word_1_334' title='bbox 1628 2136 1713 2175; x_wconf 87' lang='lat' dir='ltr'>viro</span> <span class='ocrx_word' id='word_1_335' title='bbox 1729 2136 1818 2175; x_wconf 86' lang='lat' dir='ltr'>Tib.</span> 
     </span>
     <span class='ocr_line' id='line_1_38' title="bbox 562 2188 1821 2241; baseline -0.003 -10"><span class='ocrx_word' id='word_1_336' title='bbox 562 2190 872 2236; x_wconf 80' lang='lat' dir='ltr'>Hemsterhusio,</span> <span class='ocrx_word' id='word_1_337' title='bbox 892 2191 952 2229; x_wconf 90' lang='lat' dir='ltr'>cui</span> <span class='ocrx_word' id='word_1_338' title='bbox 973 2189 1158 2241; x_wconf 85' lang='lat' dir='ltr'>specimen</span> <span class='ocrx_word' id='word_1_339' title='bbox 1185 2201 1352 2227; x_wconf 88' lang='lat' dir='ltr'>mearum</span> <span class='ocrx_word' id='word_1_340' title='bbox 1375 2189 1412 2226; x_wconf 89' lang='lat' dir='ltr'>in</span> <span class='ocrx_word' id='word_1_341' title='bbox 1435 2188 1537 2228; x_wconf 89' lang='lat' dir='ltr'>hunc</span> <span class='ocrx_word' id='word_1_342' title='bbox 1555 2188 1722 2227; x_wconf 88' lang='lat' dir='ltr'>libellum</span> <span class='ocrx_word' id='word_1_343' title='bbox 1745 2189 1821 2228; x_wconf 90' lang='lat' dir='ltr'>ob-</span> 
     </span>
     <span class='ocr_line' id='line_1_39' title="bbox 561 2241 1819 2294; baseline -0.002 -10"><span class='ocrx_word' id='word_1_344' title='bbox 561 2244 820 2284; x_wconf 84' lang='lat' dir='ltr'>servationum</span> <span class='ocrx_word' id='word_1_345' title='bbox 848 2243 1031 2282; x_wconf 81' lang='lat' dir='ltr'>miseram.</span> <span class='ocrx_word' id='word_1_346' title='bbox 1053 2243 1110 2289; x_wconf 88' lang='lat' dir='ltr'>Is,</span> <span class='ocrx_word' id='word_1_347' title='bbox 1131 2241 1196 2280; x_wconf 88' lang='lat' dir='ltr'>sibi</span> <span class='ocrx_word' id='word_1_348' title='bbox 1220 2255 1378 2294; x_wconf 88' lang='lat' dir='ltr'>quoque</span> <span class='ocrx_word' id='word_1_349' title='bbox 1401 2255 1482 2280; x_wconf 89' lang='lat' dir='ltr'>eam</span> <span class='ocrx_word' id='word_1_350' title='bbox 1505 2242 1541 2280; x_wconf 89' lang='lat' dir='ltr'>in</span> <span class='ocrx_word' id='word_1_351' title='bbox 1561 2253 1724 2281; x_wconf 88' lang='lat' dir='ltr'>mentem</span> <span class='ocrx_word' id='word_1_352' title='bbox 1750 2255 1819 2282; x_wconf 85' lang='lat' dir='ltr'>ve-</span> 
     </span>
     <span class='ocr_line' id='line_1_40' title="bbox 563 2295 1818 2348; baseline -0.002 -11"><span class='ocrx_word' id='word_1_353' title='bbox 563 2298 668 2344; x_wconf 67' lang='lat' dir='ltr'>nisse,</span> <span class='ocrx_word' id='word_1_354' title='bbox 682 2298 769 2336; x_wconf 80' lang='lat' dir='ltr'>milii</span> <span class='ocrx_word' id='word_1_355' title='bbox 784 2296 988 2348; x_wconf 79' lang='lat' dir='ltr'>respondit,</span> <span class='ocrx_word' id='word_1_356' title='bbox 1002 2297 1039 2334; x_wconf 84' lang='lat'>&amp;</span> <span class='ocrx_word' id='word_1_357' title='bbox 1056 2309 1077 2334; x_wconf 93' lang='lat' dir='ltr'>a</span> <span class='ocrx_word' id='word_1_358' title='bbox 1094 2295 1202 2334; x_wconf 78' lang='lat' dir='ltr'>Mose</span> <span class='ocrx_word' id='word_1_359' title='bbox 1217 2295 1358 2334; x_wconf 88' lang='lat' dir='ltr'>Solano</span> <span class='ocrx_word' id='word_1_360' title='bbox 1378 2296 1491 2334; x_wconf 89' lang='lat' dir='ltr'>etiam</span> <span class='ocrx_word' id='word_1_361' title='bbox 1509 2295 1575 2333; x_wconf 75' lang='lat' dir='ltr'>sibi</span> <span class='ocrx_word' id='word_1_362' title='bbox 1591 2296 1716 2346; x_wconf 87' lang='lat' dir='ltr'>plures</span> <span class='ocrx_word' id='word_1_363' title='bbox 1731 2306 1818 2336; x_wconf 86' lang='lat' dir='ltr'>ante</span> 
     </span>
     <span class='ocr_line' id='line_1_41' title="bbox 562 2348 1814 2401; baseline -0.002 -11"><span class='ocrx_word' id='word_1_364' title='bbox 562 2365 684 2390; x_wconf 84' lang='lat' dir='ltr'>annos</span> <span class='ocrx_word' id='word_1_365' title='bbox 699 2350 1005 2394; x_wconf 77' lang='lat' dir='ltr'>demonstratam,</span> <span class='ocrx_word' id='word_1_366' title='bbox 1017 2350 1154 2388; x_wconf 89' lang='lat' dir='ltr'>docuit.</span> <span class='ocrx_word' id='word_1_367' title='bbox 1171 2348 1300 2387; x_wconf 90' lang='lat' dir='ltr'>Postea</span> <span class='ocrx_word' id='word_1_368' title='bbox 1317 2349 1414 2387; x_wconf 86' lang='lat' dir='ltr'>illam</span> <span class='ocrx_word' id='word_1_369' title='bbox 1433 2349 1628 2401; x_wconf 78' lang='lat' dir='ltr'>publicavi</span> <span class='ocrx_word' id='word_1_370' title='bbox 1643 2362 1701 2387; x_wconf 88' lang='lat' dir='ltr'>an.</span> <span class='ocrx_word' id='word_1_371' title='bbox 1718 2363 1786 2401; x_wconf 82' lang='lat'>¹73</span> <span class='ocrx_word' id='word_1_372' title='bbox 1798 2362 1814 2387; x_wconf 93' lang='lat'>1</span> 
     </span>
     <span class='ocr_line' id='line_1_42' title="bbox 563 2401 1820 2455; baseline -0.002 -12"><span class='ocrx_word' id='word_1_373' title='bbox 563 2406 601 2443; x_wconf 90' lang='lat' dir='ltr'>in</span> <span class='ocrx_word' id='word_1_374' title='bbox 628 2405 756 2443; x_wconf 87' lang='lat' dir='ltr'>libello</span> <span class='ocrx_word' id='word_1_375' title='bbox 779 2406 928 2442; x_wconf 87' lang='lat' dir='ltr'>tertium</span> <span class='ocrx_word' id='word_1_376' title='bbox 956 2404 1026 2440; x_wconf 91' lang='lat' dir='ltr'>iam</span> <span class='ocrx_word' id='word_1_377' title='bbox 1053 2402 1195 2454; x_wconf 78' lang='lat' dir='ltr'>Lipsiae</span> <span class='ocrx_word' id='word_1_378' title='bbox 1225 2402 1352 2449; x_wconf 82' lang='lat' dir='ltr'>edito,</span> <span class='ocrx_word' id='word_1_379' title='bbox 1374 2401 1676 2455; x_wconf 82' lang='lat' dir='ltr'>Chrestomathia</span> <span class='ocrx_word' id='word_1_380' title='bbox 1699 2402 1820 2441; x_wconf 80' lang='lat' dir='ltr'>Grae-</span> 
     </span>
     <span class='ocr_line' id='line_1_43' title="bbox 564 2454 1820 2509; baseline -0.004 -10"><span class='ocrx_word' id='word_1_381' title='bbox 564 2471 628 2499; x_wconf 87' lang='lat' dir='ltr'>ca:</span> <span class='ocrx_word' id='word_1_382' title='bbox 652 2460 750 2499; x_wconf 84' lang='lat' dir='ltr'>unde</span> <span class='ocrx_word' id='word_1_383' title='bbox 764 2459 801 2498; x_wconf 89' lang='lat' dir='ltr'>in</span> <span class='ocrx_word' id='word_1_384' title='bbox 813 2459 922 2498; x_wconf 63' lang='lat' dir='ltr'>Attis</span> <span class='ocrx_word' id='word_1_385' title='bbox 939 2457 1176 2498; x_wconf 83' lang='lat' dir='ltr'>eruditorum</span> <span class='ocrx_word' id='word_1_386' title='bbox 1191 2468 1348 2509; x_wconf 89' lang='lat' dir='ltr'>quoque</span> <span class='ocrx_word' id='word_1_387' title='bbox 1363 2454 1459 2496; x_wconf 64' lang='lat' dir='ltr'>faeta</span> <span class='ocrx_word' id='word_1_388' title='bbox 1477 2455 1529 2496; x_wconf 90' lang='lat' dir='ltr'>est</span> <span class='ocrx_word' id='word_1_389' title='bbox 1547 2456 1644 2495; x_wconf 89' lang='lat' dir='ltr'>illius</span> <span class='ocrx_word' id='word_1_390' title='bbox 1662 2455 1820 2495; x_wconf 85' lang='lat' dir='ltr'>mentio.</span> 
     </span>
    </p>
   </div>
   <div class='ocr_carea' id='block_1_3' title="bbox 1863 537 1907 3101">
    <p class='ocr_par' dir='ltr' id='par_1_6' title="bbox 1863 537 1907 3101">
     <span class='ocr_line' id='line_1_44' title="bbox 1863 537 1907 3101; baseline 0 0"><span class='ocrx_word' id='word_1_391' title='bbox 1863 537 1907 3101; x_wconf 95' lang='lat' dir='ltr'> </span> 
     </span>
    </p>
   </div>
  </div>
 </body>
</html>
