1907 3101
542 163 634 221 4&
733 158 1612 206 ANNOTATIONES

608 250 682 288 ead.
709 251 732 288 l.
752 263 790 297 4.
811 247 1027 301 Ἀννίκεριν)
1051 248 1118 288 Ille
1144 248 1220 300 ipse
1235 278 1246 294 ,
1268 249 1334 301 qui
1360 249 1582 297 Platonem,
1607 263 1694 290 cum
1719 249 1814 291 iuffu

542 301 728 353 Dionysii
744 305 919 342 vaeniret
933 331 944 348 ,
967 304 1186 341 redemerat.
1208 302 1324 355 Diog.
1351 304 1477 342 Laert.
1498 319 1550 354 74
1577 304 1618 343 E.
1643 305 1685 343 &
1704 317 1750 356 54
1765 305 1814 345 C.

541 358 606 396 ubi
628 368 755 396 tamen
776 356 889 395 alium
911 357 1131 395 Annicerim
1146 355 1218 395 effe
1240 357 1435 395 contendit
1453 358 1676 410 Menagius‚
1696 370 1814 408 quem

541 411 628 449 vide
646 423 729 462 pag.
753 423 806 459 70
828 409 880 448 D.
902 410 967 448 ubi
988 410 1099 459 plura
1117 410 1162 448 de
1186 423 1236 448 eo
1259 409 1471 449 testimonia
1491 411 1686 463 congessit.
1708 410 1813 450 Idem

542 464 589 503 de
612 476 662 502 eo
691 474 817 502 narrat
843 463 883 502 &
910 463 1093 502 Aelianus
1119 463 1169 502 V.
1195 464 1245 502 H.
1269 462 1328 510 11,
1352 477 1415 511 27,
1434 463 1524 503 teste
1549 465 1655 504 Men.
1683 465 1722 503 ἃ
1740 464 1815 502 La-

543 518 707 556 &antius
722 517 798 565 ΙΙΙ,
821 531 886 566 25,
907 517 974 555 ubi
994 517 1035 556 &
1052 517 1214 569 pretium
1239 517 1337 555 addit
1354 521 1423 555 οέῖο
1434 517 1591 570 sestertia.
1612 518 1718 557 Proii
1737 530 1816 556 ma-

544 572 579 610 le
595 572 652 609 Fl.
679 572 720 610 δι
742 573 785 608 V.
810 584 843 608 2.
865 566 897 610 ἶν’.
918 570 960 608 In
983 570 1011 608 I.
1033 582 1161 609 autem
1182 568 1220 619 ᾗ,
1247 570 1313 608 nisi
1332 571 1437 621 quod
1461 570 1637 611 mendose
1660 569 1693 621 -ᾌ,
1713 570 1813 610 Illud

542 626 643 665 enim
669 624 768 663 haud
788 623 902 662 dubie
921 623 1048 662 editor
1075 624 1255 668 volebat,
1271 634 1313 662 ut
1332 636 1365 662 c.
1389 637 1446 676 ις,
1463 622 1486 663 {3
1506 625 1570 662 καὶ
1589 627 1653 664 τὸν
1679 626 1816 673 Δημά-

544 678 710 768 ὃηνςδιε.
730 678 835 730 quod
860 676 946 716 sane
964 677 1117 717 minime
1140 676 1388 729 spernendum
1403 706 1415 725 ‚
1438 678 1557 717 immo
1576 691 1713 718 verum
1740 690 1815 731 pu-

543 743 598 772 to.
619 760 631 768 .
647 742 778 770 OLAN.

598 786 679 823 ibid.
698 788 788 836 Πρὸς
808 782 1018 836 Πλάτωνα)
1036 782 1184 822 Aelian.
1202 783 1297 822 Var.
1315 783 1410 822 Hiss.
1432 783 1493 830 ΙΙ,
1514 798 1578 832 27.
1598 784 1768 824 GUYET.

599 842 672 877 ead.
691 839 715 877 l.
737 852 798 876 10.
813 837 1136 890 (Αρματοτροχίας
1152 837 1349 888 ἀλεείνων)
1365 838 1483 876 Hom.
1502 838 1609 886 dixit,
1627 837 1815 890 ἁρματρο-

546 894 644 946 χίοις
661 892 849 936 ἀλεείνων,
871 892 975 943 quod
998 889 1185 929 diversum
1210 890 1274 929 est.
1296 890 1461 930 GUYET.

602 948 675 984 ead.
698 946 721 983 l.
740 959 798 984 12.
819 944 1035 995 Παύσωνος)
1058 945 1259 996 Menagius
1285 944 1338 982 ita
1362 944 1637 982 emendandum
1655 943 1728 983 effe
1754 943 1815 982 vi-

545 999 665 1046 derat,
683 998 723 1037 &
745 997 813 1038 Ms.
832 997 902 1037 Gr.
924 999 964 1038 &
980 998 1036 1036 Fl.
1052 998 1109 1036 ed.
1127 996 1368 1036 confirmant.
1386 998 1426 1036 ln
1441 999 1594 1050 reliquis
1613 998 1710 1036 enim
1728 1010 1815 1050 pra-

546 1066 598 1092 ve
612 1053 751 1103 ubique
771 1051 907 1103 legitur
922 1052 1121 1090 Πάσσωνος
1136 1050 1208 1090 &c.
1222 1051 1297 1089 vid.
1315 1050 1411 1089 Plut.
1436 1065 1511 1100 705
1536 1050 1560 1090 f.
1586 1051 1735 1090 Aelian.
1754 1052 1808 1091 V.

548 1107 602 1146 H.
623 1106 734 1152 XIV,
758 1119 816 1157 15.
837 1104 901 1143 De
925 1105 999 1143 hoc
1028 1104 1198 1143 Pausone
1217 1104 1400 1143 iudicium
1422 1105 1637 1144 Aristotelis
1654 1105 1744 1143 vide
1768 1105 1815 1144 de

546 1159 657 1205 Poe't.
673 1173 704 1199 c.
729 1173 749 1198 2
775 1172 830 1210 pr.
851 1158 973 1210 (Non
999 1158 1148 1197 viderat
1176 1157 1276 1197 forte
1298 1159 1520 1210 Menagffls,
1544 1158 1604 1197 sed
1626 1157 1815 1208 Guyero,

548 1226 593 1253 ut
614 1212 730 1259 solet,
749 1211 966 1263 surripuit.)
989 1211 1145 1250 SOLAN.
1175 1211 1320 1250 Pauson
1345 1211 1477 1262 picior.
1501 1210 1647 1250 Pauson
1673 1212 1814 1251 dicitur

549 1267 715 1306 Aeliano
735 1267 829 1306 Var.
851 1265 944 1304 Hist.
969 1265 1079 1313 XIV,
1101 1278 1160 1315 15,
1185 1265 1226 1303 δι
1251 1264 1453 1305 Plutarcho
1475 1266 1520 1304 de
1546 1264 1704 1316 Pythiae
1725 1277 1815 1304 ora·

549 1321 671 1366 culis,
694 1322 733 1360 &
755 1320 865 1364 aliis,
888 1331 935 1357 ex
965 1319 1104 1370 quibus
1134 1319 1192 1357 hic
1216 1318 1414 1369 legendum
1451 1319 1657 1358 Παύσωνος.
1686 1318 1814 1371 Guyet.

550 1374 692 1413 Eadem
710 1375 754 1412 ad
770 1373 931 1412 verbum
947 1372 1058 1411 habet
1076 1372 1227 1423 Menag.
1251 1373 1288 1409 in
1310 1372 1366 1410 ed.
1382 1372 1525 1412 GraeV.
1538 1373 1605 1423 qui
1626 1384 1715 1410 cum
1733 1373 1816 1411 ubi-

549 1440 628 1480 que
642 1428 772 1466 eadem
785 1426 941 1472 dederit,
955 1438 1052 1477 quae
1067 1425 1144 1470 ille,
1157 1426 1268 1477 plagii
1285 1426 1444 1464 omnino
1463 1438 1551 1464 reus
1565 1425 1657 1464 este.
1673 1424 1816 1465 Rmz.

606 1484 679 1519 ead.
706 1482 729 1519 l.
755 1494 811 1527 ¹4-
831 1481 1009 1518 Πόισσ-ωνι
1036 1478 1087 1527 τῷ
1109 1479 1328 1530 ζωγράφῳ)
1351 1478 1548 1518 Veriffime
1569 1479 1815 1531 ingeniofiffi-

552 1547 641 1573 mus
657 1536 697 1573 &
712 1532 953 1572 amicissimus
968 1533 1170 1583 Menagius
1189 1536 1361 1571 emendat
1379 1533 1562 1571 Παύσωνι.
1579 1533 1668 1571 Eius
1683 1545 1816 1571 emen·

551 1589 747 1626 dationem
763 1617 772 1631 ,
793 1599 840 1625 ne
860 1587 948 1637 quid
972 1586 1076 1625 dubii
1094 1585 1248 1638 supersit
1263 1615 1274 1633 ‚
1293 1585 1417 1625 firmat
1441 1586 1512 1625 Ms.
1529 1586 1568 1625 &
1588 1587 1705 1626 editio
1725 1587 1815 1626 Flo-

551 1642 711 1681 rentina.
739 1640 912 1680 GRAEV.

609 1696 698 1746 Pag.
719 1706 802 1745 ¹53·
818 1694 841 1732 l.
859 1708 892 1732 2.
921 1692 1174 1745 Μέμφεσῧιιι)
1199 1693 1268 1731 Καὶ
1282 1693 1524 1744 μέμφεσὲῑαι.
1554 1692 1722 1732 GUYET.
1740 1693 1815 1733 Be·

552 1761 629 1794 ne,
651 1748 693 1786 &
718 1760 852 1800 parum
871 1747 994 1793 abest,
1014 1748 1108 1797 quin
1128 1747 1255 1785 invitis
1277 1747 1357 1786 edd.
1380 1747 1551 1786 inseram.
1573 1747 1717 1786 REITz.

608 1804 680 1840 ead.
699 1802 721 1839 l.
738 1800 772 1838 8.
787 1800 972 1839 Τοσούτων
995 1800 1110 1852 ἑτῶν)
1126 1800 1162 1839 Si
1182 1800 1337 1838 Luciani
1353 1800 1397 1838 snt
1419 1813 1541 1852 opus,
1566 1813 1587 1838 a
1610 1799 1694 1840 sene
1718 1812 1813 1840 con-

551 1855 731 1906 scriptum
753 1854 840 1893 hinc
863 1855 902 1893 δι
924 1867 972 1893 ex
993 1866 1024 1893 c.
1047 1867 1094 1892 22
1115 1853 1350 1893 statuendum
1366 1853 1438 1893 est:
1459 1854 1554 1892 unde
1574 1852 1673 1892 subit
1694 1852 1815 1906 suspi-

553 1911 631 1949 cari
658 1907 956 1960 supposititium,
986 1920 1072 1946 cum
1093 1920 1162 1946 nec
1180 1907 1366 1959 elegantia
1392 1908 1500 1946 solita
1524 1907 1633 1953 infit,
1656 1919 1703 1946 ne
1724 1920 1813 1946 ora·

553 1962 671 2001 tionis
694 1962 845 2013 quidem
869 1962 1125 2013 perspicuitas.
1144 1961 1318 2001 Iuvenile
1341 1974 1438 2013 opus
1457 1960 1531 2009 est,
1547 1960 1653 2013 (vide
1673 1961 1713 2001 &
1730 1971 1816 2002 not.

556 2017 602 2055 ad
622 2015 695 2068 tit.)
718 2015 776 2053 sed
801 2015 909 2054 cuius
931 2014 1066 2053 nescio.
1088 2015 1244 2053 SOLAN.

611 2071 684 2107 ead.
702 2070 726 2107 l.
744 2081 801 2116 ¹4·
826 2067 1103 2119 Κατηνιιλώκει)
1125 2067 1264 2107 Forsan
1286 2067 1387 2107 reEie
1410 2068 1463 2107 Η.
1483 2067 1559 2106 sine
1580 2077 1811 2118 augmento,

555 2124 663 2175 quod
686 2123 727 2161 &
748 2121 936 2160 Herodot.
954 2121 1134 2173 negligit3
1154 2133 1196 2161 ut
1220 2123 1259 2160 L.
1277 2120 1375 2167 VII,
1397 2135 1434 2173 p.
1457 2135 1534 2173 437
1560 2120 1606 2160 C.
1627 2119 1814 2166 ἀναβεβή-

556 2191 674 2215 κεσαν
695 2189 766 2228 pro
789 2175 940 2220 ἀνεβ-.
966 2174 1084 2215 Conf.
1110 2187 1143 2214 c.
1166 2190 1231 2223 41,
1255 2175 1321 2213 ubi
1344 2176 1473 2214 eadem
1495 2173 1622 2213 rursus
1643 2189 1814 2213 καταναι-

557 2231 724 2270 Aconti-ta.
747 2228 818 2268 Sed
845 2229 884 2267 &
908 2229 1080 2280 exempla
1106 2241 1154 2266 ex
1177 2229 1257 2268 aliis
1281 2240 1358 2266 tam
1378 2228 1515 2267 crebro
1539 2228 1786 2267 indicavimus
1801 2257 1814 2275 ,

555 2294 599 2323 ut
624 2283 792 2335 pluribus
817 2282 874 2321 hic
893 2295 971 2321 non
994 2295 1093 2334 opus
1112 2281 1175 2321 fit:
1199 2282 1395 2334 vulgatum
1422 2292 1548 2320 tamen
1570 2282 1628 2321 hic
1650 2280 1812 2334 praestat

555 2336 729 2376 servasse.
749 2336 896 2374 Rau-z.

614 2391 704 2439 Pag.
722 2403 805 2440 154.
822 2390 846 2428 l.
862 2405 897 2437 4.
912 2387 1044 2440 Παρεὶς
1057 2388 1124 2428 τὴν
1141 2388 1392 2439 ἐπηρτημένην
1407 2387 1609 2439 wanlia)
1625 2386 1814 2434 Vertitur,

560 2444 693 2497 dimtffa
705 2444 869 2483 exanimo
887 2444 1087 2497 impendente
1099 2443 1316 2497 cogitatione:
1336 2442 1484 2489 malim,
1499 2441 1657 2494 demiffa‚
1670 2440 1812 2495 suspen-⁴
