1907 3101
524 181 614 243 3&
722 162 1586 226 ANNOTATIONES

581 268 657 305 ead.
681 267 703 304 l.
719 265 756 304 8.
781 264 1122 319 Σπονὲιιφορέουσι)
1152 267 1206 306 M.
1221 266 1328 307 &FL
1345 267 1388 306 In
1413 267 1570 321 reliquis
1595 266 1779 321 impressis

525 319 691 361 σπονὲἰιν
715 333 794 369 φορ.
813 320 972 358 SOLAN.

581 376 651 412 ead.
669 374 692 411 l.
714 386 769 411 ιο.
788 374 960 411 metam
976 372 1038 411 καὶ
1054 373 1284 425 τριηκοσίων)
1306 374 1374 413 Καὶ
1398 387 1470 427 pro
1489 376 1507 415 ἢ
1527 373 1692 427 positum
1710 374 1779 415 est.

527 428 600 467 Sed
620 427 670 465 [ιε
689 427 774 464 libri
796 438 932 464 omnes
952 425 1079 465 nostri.
1108 427 1265 466 SOLAN.

580 484 653 520 ead.
675 480 696 519 l.
716 494 729 517 1
743 493 772 517 1.
789 475 977 531 Αὖτέοισι)
998 480 1060 518 An
1079 480 1157 518 τοῖς
1171 479 1464 531 Ἱεραπολίτοιις;
1486 481 1657 521 GUYET.

581 534 659 572 ibid.
687 531 809 585 Πᾶσι)
833 534 888 571 Μ.
903 533 942 571 &
958 534 1008 570 Fl.
1028 533 1069 570 In
1085 533 1236 584 reliquis
1256 532 1381 572 πᾶσοι.
1406 534 1565 574 SOLAN.

579 591 653 626 ead.
671 588 693 625 I.
708 600 723 624 1
734 600 766 624 2.
783 585 997 638 Ἀρχιρεὺς)
1014 586 1073 625 Sic
1087 587 1141 624 M.
1156 586 1215 625 sed
1235 599 1256 625 a
1277 587 1486 639 posteriore
1502 600 1616 628 manu
1629 617 1642 636 ,
1661 589 1717 628 uti
1735 588 1777 629 δι

527 641 640 693 supra
663 652 796 679 omnes
813 638 1000 691 impreffi,
1020 639 1224 692 ἀρχιερεύς.
1248 640 1403 680 SOLAN.

582 696 653 734 ead.
669 695 691 732 l.
712 706 767 744 13.
789 692 919 744 Τιάρν)
940 693 1027 730 Vid.
1044 693 1184 745 Spanb.
1204 695 1293 743 467.
1319 694 1479 733 SOLAN..

585 749 674 801 Pag.
691 761 707 785 1
717 760 775 794 24.
788 746 811 784 l.
832 759 862 786 1.
875 745 984 797 Κατ’)
998 746 1086 785 Hoc
1099 746 1286 797 praefero,
1301 759 1343 786 ut
1357 750 1471 799 magis
1481 747 1668 796 Ionicum,
1686 748 1776 789 licet

529 802 593 850 ἀφ’
607 799 666 848 ὧν,
687 801 749 846 ἀφ’
766 800 879 845 ὢτων,
894 800 930 837 in
949 800 1132 850 HippOCt.
1147 799 1438 852 frequentissime
1451 803 1605 840 editum.
1629 802 1778 843 Rmrz..

581 858 654 894 ead.
668 855 688 892 l.
700 855 735 892 6.
746 852 958 905 Γίγνονται)
977 853 1034 891 Sic
1049 853 1087 891 δι
1102 854 1217 905 paulo
1233 865 1318 893 ante
1337 855 1600 907 ἐπιγίγνεται.
1620 856 1666 894 Et
1682 869 1776 895 mox

528 909 710 962 γίγνεται
727 920 758 946 c.
781 920 826 955 50
846 906 868 944 f.
887 908 923 944 δι
938 907 1140 958 γίγνονται
1155 920 1188 946 c.
1205 920 1220 958 5
1236 922 1247 945 1
1264 908 1336 947 &a
1353 920 1389 946 at
1403 910 1572 961 γίνονται
1591 909 1780 951 Herodot.

527 961 692 1014 praefert
716 973 803 999 cum
826 960 1012 1010 Hippocr.
1039 961 1103 1011 qui
1125 959 1166 998 δι
1187 962 1400 1011 γινώσκειν,
1427 974 1503 1000 non
1523 963 1779 1015 γιγνώσκειν,

529 1026 664 1067 quater
685 1014 885 1066 quinquies
907 1026 942 1065 p.
963 1026 1002 1062 5,
1022 1013 1061 1052 L.
1082 1012 1101 1051 I
1127 1015 1172 1053 de
1195 1015 1357 1059 morbis,
1381 1014 1419 1052 &
1440 1015 1570 1054 millies
1587 1016 1686 1055 alibi.
1717 1016 1781 1056 Sic

526 1070 677 1122 γίνεται
703 1067 901 1118 aliquoties
922 1066 999 1105 vid.
1016 1067 1064 1104 ib.
1090 1079 1125 1117 p.
1141 1068 1164 1106 6
1180 1069 1255 1107 &e
1272 1069 1325 1106 At
1339 1068 1447 1106 initio
1460 1068 1779 1120 Aphorismorum

529 1124 713 1175 γίγνεται
739 1121 817 1159 fere
840 1120 982 1172 semper
1006 1121 1146 1158 editum
1161 1150 1174 1166 ,
1194 1122 1326 1161 deinde
1349 1134 1443 1160 vero
1476 1122 1703 1174 promiscue.
1734 1122 1783 1162 Et

527 1177 619 1228 quid
640 1176 791 1214 demum
819 1173 956 1213 refert?
976 1173 1118 1212 Rmz.

583 1231 657 1267 ead.
681 1226 704 1265 l.
731 1227 979 1280 8.”Ερχονται
1004 1227 1243 1276 καλεόμενοι)
1270 1227 1422 1267 Horum
1444 1229 1647 1268 meminere
1667 1229 1781 1269 etiam

525 1282 688 1329 Plinius,
709 1283 852 1329 Varro,
867 1282 905 1320 ὃ(
921 1281 1104 1320 Martialis
1116 1312 1126 1329 ,
1144 1293 1166 1319 a
1181 1280 1412 1322 Casaubono
1426 1281 1564 1322 laudati
1584 1284 1629 1322 ad
1639 1282 1782 1324 Athen.

531 1335 645 1382 VIII,
673 1350 713 1381 1,
734 1350 769 1386 p.
785 1349 870 1384 577.
892 1335 1048 1373 SOLAN.

582 1391 655 1428 ead.
670 1390 695 1428 l.
709 1402 745 1440 9.
758 1388 811 1426 Ἐν
824 1387 1072 1440 75w7÷pv71)
1092 1387 1134 1425 1n
1150 1387 1205 1426 M.
1221 1389 1258 1427 δι
1276 1388 1330 1427 Fl.
1352 1389 1443 1428 haec
1468 1389 1584 1442 paulo
1600 1389 1710 1428 aliter
1723 1389 1780 1428 le—

529 1454 685 1496 guntur,
710 1454 846 1494 nempe
861 1442 897 1480 ἐν
916 1440 961 1489 τῇ
973 1447 1132 1494 πτέρυγι
1153 1443 1297 1492 ποίημα.
1313 1443 1467 1494 χρύσεον
1481 1441 1602 1482 αὖτέω
1621 1444 1780 1481 ἀνακέα-

527 1510 582 1537 το.
597 1497 692 1548 Ego,
713 1508 947 1547 quocunque
959 1495 1110 1533 demum
1125 1495 1237 1547 paclo
1251 1497 1366 1549 legas,
1387 1496 1556 1536 ἀνεκέετο
1572 1495 1779 1537 rescriben—

527 1551 616 1590 dum
635 1549 820 1588 existimo.
841 1548 998 1587 SOLAN.

578 1604 655 1642 ibid.
673 1603 820 1651 Ποίημα
833 1602 987 1654 χρύσεον
1001 1596 1159 1655 αὗτέων)
1180 1602 1271 1641 Νοη
1289 1601 1400 1640 habet
1419 1597 1557 1642 αὗτέων
1572 1602 1610 1641 in
1623 1602 1780 1650 vicinia,

525 1658 575 1696 ad
590 1657 694 1709 quod
711 1656 906 1695 referatur.
927 1657 1138 1707 Hagenoae
1159 1670 1169 1693 ι
1184 1671 1224 1708 53
1239 1669 1269 1706 5,
1291 1657 1354 1693 ubi
1369 1668 1456 1694 raro
1471 1657 1673 1695 admodum
1690 1669 1778 1709 pec-

525 1722 651 1756 catur,
668 1709 848 1749 excusum
864 1709 914 1747 est
937 1709 1080 1747 ἀντέων.
1096 1709 1173 1747 Vix
1196 1710 1341 1754 dubito,
1354 1722 1486 1748 verum
1504 1710 1539 1748 id
1559 1709 1643 1752 esse,
1664 1710 1704 1749 δι
1717 1710 1777 1750 Io·

528 1767 672 1809 nicum,
686 1778 756 1816 pro
771 1763 914 1809 ἀνθέων,
934 1775 974 1800 ut
987 1761 1194 1807 κολοκύντη,
1212 1776 1250 1801 ut
1263 1764 1359 1815 apud
1376 1762 1554 1801 Nostrum
1572 1760 1682 1803 αὖτις
1696 1763 1774 1803 &c.

524 1818 682 1857 Florum
696 1818 933 1869 quorundam
949 1817 1109 1867 efligies,
1132 1817 1277 1855 corolla
1289 1846 1300 1861 ‚
1317 1826 1583 1856 ornamentum
1605 1817 1692 1869 pisci
1712 1818 1776 1856 da-

524 1884 620 1912 tum.
645 1872 700 1909 Ita
720 1884 821 1910 certe
839 1872 1124 1920 interpretatum
1141 1869 1234 1915 effe,
1257 1869 1376 1909 fraudi
1394 1883 1470 1908 non
1495 1869 1620 1909 fuerit.
1642 1871 1773 1910 GESN.

581 1927 653 1963 ead.
664 1926 686 1962 l.
703 1938 716 1961 1
730 1938 759 1961 1.
777 1921 904 1976 Εἷχεν)
920 1924 976 1962 Ita
996 1924 1049 1960 M.
1063 1923 1104 1969 In
1121 1925 1175 1961 Fl.
1189 1921 1287 1976 εἶχε.
1298 1924 1341 1962 In
1357 1924 1508 1976 reliquis
1521 1924 1604 1976 ἔχε.
1615 1923 1774 1964 SOLAN.

514 1978 636 2030 Ἔχε)
651 1977 766 2017 Conf.
783 1976 892 2029 supra
906 1991 938 2016 c.
959 1990 1002 2014 12
1018 1978 1057 2014 δι
1073 1990 1138 2023 24.
1153 1977 1297 2015 Rem-Z.

577 2036 651 2071 ead.
671 2032 694 2069 l.
720 2035 778 2070 16.
795 2030 1013 2082 Ἐφεστεὼς)
1032 2031 1246 2082 Legendum
1260 2030 1423 2070 arbitror
1437 2030 1642 2081 ἑφεστεὼς,
1667 2039 1772 2071 certe

522 2084 575 2126 fic
594 2084 778 2124 transtuli.
801 2084 928 2124 GESN.

580 2141 670 2189 Pag.
690 2139 807 2188 125.l.
832 2139 888 2176 16.
900 2137 1138 2189 Ἀλεκτρυὼν)
1155 2137 1183 2175 Ῐ.
1200 2150 1232 2176 e.
1247 2137 1366 2176 homo
1384 2137 1435 2176 ita
1454 2136 1595 2182 difflns,
1609 2136 1668 2176 sed
1678 2151 1775 2189 qua-¹

524 2195 587 2233 re?
602 2193 768 2233 GUYET.
791 2191 935 2230 Mirum
953 2191 1004 2229 est
1017 2190 1212 2243 profesto,
1224 2192 1343 2230 ἀλεκτ
1364 2191 1428 2229 vemt
1444 2191 1489 2229 de
1509 2191 1664 2229 homine
1679 2192 1769 2232 dicis

523 2258 561 2285 at
576 2246 685 2297 supra
700 2245 859 2295 pluries,
877 2245 941 2283 ubi
955 2245 999 2283 de
1013 2245 1119 2295 gallis
1143 2244 1313 2295 Cybeles
1348 2245 1587 2283 acerdotibus
1607 2243 1773 2283 castratis

525 2301 759 2338 mentionem
780 2298 886 2345 fecit,
908 2298 1050 2350 semper
1067 2310 1134 2337 eos
1153 2300 1333 2343 Γάλλους,
1347 2310 1424 2337 non
1440 2297 1685 2348 ἀλεκτρυόνας
1702 2311 1773 2336 vo-

524 2365 597 2392 cat.
618 2354 669 2391 Ea
688 2365 769 2390 vox
784 2382 797 2397 ‚
818 2363 858 2390 ut
879 2362 995 2403 puto,
1017 2364 1064 2390 ex
1079 2351 1254 2390 versione
1269 2353 1305 2389 in
1322 2362 1469 2390 textum
1492 2350 1650 2402 irrepsit.
1669 2351 1773 2403 Qui-

519 2408 606 2445 dam
621 2406 756 2445 sciolus
769 2407 930 2455 putavit,
941 2405 1086 2458 γάλλον
1100 2417 1175 2443 non
1190 2404 1262 2443 effe
1275 2417 1413 2443 vocem
1425 2404 1627 2447 Graecam,
1645 2405 1683 2443 δι
1696 2405 1774 2454 gal·

519 2461 587 2499 lum
603 2461 736 2500 Latine
753 2460 893 2499 dietum
909 2459 1045 2499 debere
1059 2459 1132 2499 dici
1145 2456 1387 2511 ἀλεκτρυόνα,
1403 2458 1444 2497 8(
1460 2459 1621 2498 mutavit
1634 2457 1672 2496 in
1685 2471 1771 2498 eam

1883 2885 1887 2909 4⁴
1882 2760 1887 2865 mm
1880 2568 1887 2750 .-.η-ι--ω
1878 1769 1888 2561 -ῌφ--α--ῇψ--σ-κ-

1880 2955 1887 3101 ρι’-’.Λ-
1880 2947 1882 2949 -
1881 2923 1887 2939 v
