1907 3101
566 189 657 254 386
764 183 1627 231 ANNoTATloNES

565 274 706 316 aoristo
733 273 907 313 iun8um
927 271 998 311 fuit
1020 272 1058 310 in
1080 270 1131 321 μή
1148 286 1212 320 μοι
1228 269 1358 309 meisa
1380 271 1524 320 ὀλέσῃς,
1554 272 1593 310 δι
1618 269 1820 322 προξενεέις

565 343 638 382 pro
654 327 785 367 futuro
803 326 908 378 quasi
927 325 1093 365 secundo
1114 325 1327 363 habendum
1343 353 1354 369 ‚
1382 335 1424 362 ut
1446 325 1551 375 ἐρέω,
1569 325 1699 370 dicam,
1724 337 1754 363 c.
1771 337 1821 376 37

564 397 623 435 pr.
653 382 692 420 &
716 382 852 419 crebro
878 379 1020 418 deinde.
1045 378 1202 416 Perinde
1225 378 1326 415 enim
1343 377 1416 424 est,
1438 378 1514 416 utri
1538 377 1822 417 Grammatico-

565 449 652 474 rum
670 435 767 486 parti
784 434 962 479 accedas,
985 445 1151 484 quorum
1169 431 1204 468 bi
1219 431 1346 475 aiunt,
1361 431 1481 469 verba
1496 432 1532 469 in
1549 432 1594 469 έω
1618 444 1746 469 carere
1760 429 1823 469 fu-

565 500 655 528 turo
665 488 845 532 secundo,
857 487 906 524 illi
918 485 1089 537 praesens
1100 485 1136 522 in
1148 484 1287 522 talibus
1298 483 1466 535 usurpari
1480 497 1550 534 pro
1565 484 1696 522 futuro
1708 499 1744 531 2,
1757 483 1821 523 vel

564 541 735 582 futurum
751 555 771 579 2
785 541 880 579 idem
894 539 1048 585 sonare,
1067 539 1172 589 quod
1188 537 1359 587 praesens
1373 538 1624 576 conti-aetum.
1639 538 1780 576 Rmz.

622 596 712 645 Pag.
734 607 817 632 102.
832 594 856 631 l.
874 594 909 631 6.
925 591 1087 631 Γυναῖκα.
1099 592 1161 629 καὶ
1175 590 1396 638 βασιληίην)
1412 590 1561 644 Diserte
1574 591 1694 630 afferit
1708 594 1822 630 etiam

565 648 662 689 Plut.
679 648 850 687 Demetr.
869 645 981 693 1661,
996 644 1036 683 δι
1052 645 1106 682 M.
1125 645 1215 692 607,
1235 657 1269 681 2.
1291 643 1449 682 SOLAN.

620 706 693 741 ead.
709 702 734 740 l.
749 715 784 750 7.
804 701 871 738 Καὶ
886 698 1022 750 πόλιν)
1041 697 1250 736 Seleuciam
1263 727 1274 743 ‚
1296 710 1411 748 quam
1429 696 1581 749 Bagdad
1597 696 1821 736 hodiernam

568 755 642 795 effe
663 755 873 794 existimant
896 753 1023 803 magni
1052 751 1215 789 nominis
1237 750 1469 802 Geographi.
1498 751 1646 789 Verum
1669 751 1826 804 Bagdad

569 822 659 848 cum
677 810 721 846 ad
736 807 899 859 Tigridis
913 807 1033 857 ripam
1054 803 1252 851 sinistram,
1266 803 1328 842 seu
1345 804 1580 851 orientalem,
1602 803 1668 843 sita
1685 804 1741 851 sit,
1758 805 1825 843 Se·

569 863 693 902 leucia
709 874 786 899 non
803 859 876 904 est,
894 858 954 897 sed
968 859 1004 896 in
1023 857 1177 896 adversa
1191 858 1272 908 ripa
1286 869 1392 896 nova
1407 857 1520 905 urbs3
1536 871 1612 909 qua
1628 860 1673 897 de
1692 870 1731 895 re
1743 859 1823 897 vid.

569 917 730 956 omnino
746 915 794 953 H.
811 913 993 951 Prideaux
1009 910 1046 948 P.
1062 911 1093 956 Ι,
1108 910 1261 955 L.V111,
1275 910 1405 949 versus
1423 911 1535 949 finem
1556 912 1652 950 libri.
1663 911 1822 950 SOLAN.

625 970 702 1007 ibid.
719 964 891 1018 Εὐφρήτῃ)
907 965 1099 1004 Seleuciae
1116 964 1224 1002 situm
1242 977 1263 1002 a
1278 963 1448 1002 Luciano
1461 963 1565 1003 fuiffe
1586 966 1800 1016 ignoratum
1813 994 1826 1012 ‚

572 1023 658 1075 quis
673 1019 825 1060 credat?
848 1020 967 1071 Atqui
982 1018 1084 1057 audis
1108 1018 1167 1056 hic
1183 1017 1402 1056 afferentem
1420 1017 1455 1055 in
1471 1018 1672 1069 Euphratis
1686 1019 1764 1069 ripa
1778 1017 1828 1056 fi·

576 1088 653 1115 tam
673 1087 757 1114 eam
774 1074 931 1120 urbem3
953 1084 1068 1124 quam
1084 1071 1223 1110 Strabo
1238 1070 1314 1118 XI,
1334 1084 1404 1122 522
1419 1070 1468 1108 D.
1481 1072 1601 1116 XVI,
1618 1086 1653 1124 p.
1673 1071 1749 1124 738
1774 1071 1828 1111 D.

575 1130 615 1168 δι
632 1143 705 1180 743
722 1128 768 1166 C.
784 1126 919 1165 diserte
931 1126 970 1163 in
987 1125 1128 1177 Tigridis
1145 1125 1219 1176 ripa
1232 1153 1242 1168 ‚
1265 1137 1352 1163 cum
1371 1125 1503 1163 ceteris
1522 1126 1750 1177 geographis
1770 1126 1826 1163 hi-

575 1182 813 1234 storicisque,
841 1179 959 1231 ponit.
987 1178 1096 1230 Quid
1119 1176 1236 1229 ergo?
1262 1177 1560 1225 mutabimusne,
1580 1178 1718 1230 absque
1741 1178 1828 1219 Mff.

577 1236 700 1276 Codd.
717 1231 962 1274 auCioritate?
980 1245 1058 1270 non
1078 1231 1208 1282 placet.
1233 1231 1313 1270 Nec
1337 1231 1445 1270 nobis
1469 1232 1507 1269 in
1523 1242 1696 1271 veterum
1726 1232 1829 1271 libris

576 1301 724 1329 tantum
747 1288 860 1327 licere
873 1285 1057 1325 existimo.
1078 1286 1134 1323 Ita
1156 1285 1254 1323 enim
1270 1283 1354 1332 fiet,
1369 1296 1413 1323 ut
1428 1284 1455 1323 fi
1468 1285 1557 1337 quid
1570 1285 1723 1324 humani
1737 1285 1828 1337 paffi

576 1343 671 1388 sint,
690 1342 739 1381 fic
754 1341 835 1380 sciri
850 1352 1044 1391 nunquam
1063 1337 1183 1390 poffit.
1202 1338 1354 1376 Interim
1368 1349 1492 1377 tamen
1505 1339 1632 1378 caveri
1645 1340 1756 1378 etiam
1768 1340 1830 1378 de-

577 1408 638 1436 cet
649 1426 658 1443 ‚
675 1408 721 1433 ne
735 1395 919 1433 librorum
935 1393 1160 1431 aufioritate
1175 1391 1321 1443 decepti
1338 1390 1425 1430 falsa
1442 1405 1511 1443 pro
1525 1393 1624 1431 veris
1637 1406 1657 1431 a
1672 1393 1830 1443 legenti-

580 1451 652 1488 bus
664 1449 904 1498 accipiantur.
919 1445 1019 1485 Cum
1041 1446 1099 1484 hic
1115 1448 1242 1497 itaque
1256 1445 1293 1482 in
1309 1445 1409 1483 libris
1423 1445 1556 1484 nostris
1569 1446 1660 1484 nihil
1681 1446 1829 1484 subsidii

579 1503 646 1551 sit,
667 1502 786 1541 textui
802 1501 950 1552 quidem
972 1499 1164 1538 Lucianeo
1185 1499 1393 1548 Euphratem
1407 1499 1616 1550 relinquam
1635 1513 1646 1547 ;
1667 1499 1726 1538 sed
1745 1512 1830 1538 mo-

579 1557 694 1599 nebO,
712 1567 881 1593 errorem
896 1552 968 1591 effe
983 1564 1048 1591 aut
1061 1553 1213 1591 Luciani
1226 1551 1353 1602 ipsuis,
1372 1563 1437 1590 aut
1449 1553 1528 1591 eius
1539 1552 1829 1604 exscriptorum.

586 1611 754 1660 Tigridem
769 1609 866 1647 enim
877 1637 889 1653 ,
905 1619 983 1644 non
998 1607 1226 1656 Euphratem,
1244 1616 1308 1643 aut
1327 1605 1486 1657 scripsit,
1500 1616 1565 1644 aut
1585 1605 1746 1645 scribere
1761 1606 1831 1646 de-

578 1663 671 1702 buit.
696 1662 768 1700 Adi
791 1661 952 1700 eundem
973 1659 1156 1697 Prideaux
1177 1658 1200 1696 l.
1222 1670 1253 1696 e.
1274 1659 1339 1709 qui
1361 1658 1519 1698 Plinium
1542 1661 1654 1698 etiam
1679 1661 1831 1699 adducit

580 1714 743 1755 eiusdem
759 1715 814 1753 rei
831 1713 960 1753 testem
977 1713 1036 1751 VI
1050 1743 1059 1759 ‚
1078 1713 1138 1751 26.
1152 1712 1309 1751 SOLAN.
1325 1711 1424 1750 Cum
1440 1713 1477 1751 in
1493 1715 1585 1751 lunt.
1604 1713 1691 1752 effet
1704 1709 1833 1765 Εὐφρή-

582 1785 641 1818 τῃ,
657 1769 784 1808 Solan.
799 1768 1036 1812 adiunxerat,
1049 1766 1138 1803 nihil
1151 1766 1301 1804 variare
1314 1766 1392 1804 edd.
1410 1765 1576 1805 Frustra:
1595 1779 1680 1805 nam
1693 1780 1755 1806 eas
1765 1779 1832 1805 ex-

578 1824 727 1861 cutiens
740 1822 849 1860 aliter
864 1834 942 1859 rem
957 1820 1094 1858 habere
1106 1819 1194 1857 vidi.
1208 1814 1361 1869 Εὖφρήτῃ
1375 1829 1500 1858 tamen
1514 1833 1648 1859 verum
1663 1820 1755 1865 effe,
1771 1820 1832 1858 vi-

582 1876 627 1915 de
643 1876 692 1914 sic
707 1876 825 1913 sexies
837 1886 1032 1913 exaratum
1045 1873 1080 1911 in
1094 1872 1282 1911 Herodoti
1296 1874 1333 1910 L.
1347 1873 1379 1917 I,
1394 1886 1428 1924 p.
1447 1873 1512 1918 82,
1527 1873 1592 1920 84*⁹
1604 1874 1665 1924 85.
1685 1874 1833 1913 Rmz.

637 1932 710 1967 ead.
727 1930 751 1967 l.
767 1928 802 1966 ὃ.
814 1927 925 1966 ’Ἔνθα
937 1948 980 1955 —-
996 1925 1157 1965 τελευτὴ
1174 1926 1232 1978 ἐγ.
1247 1926 1262 1976 )
1276 1926 1383 1964 Errat
1398 1927 1536 1964 iterum
1559 1928 1640 1971 hic,
1663 1928 1833 1979 quisquis

584 1981 661 2027 est,
676 1982 809 2020 3υᾶοτ
831 1981 940 2019 huius
955 1979 1085 2017 libelli:
1110 1991 1185 2017 non
1209 1980 1307 2016 enim
1330 1979 1521 2018 Seleuciae
1542 1981 1646 2018 diem.
1661 1981 1756 2018 obiit
1771 1982 1833 2020 Se·

583 2036 739 2082 leucus,
754 2034 813 2072 sed
832 2035 869 2072 in
890 2034 1059 2085 Europa,
1082 2032 1345 2071 Macedoniam
1363 2032 1561 2072 invasurus
1575 2047 1595 2072 a
1611 2033 1832 2073 Ptolemaeo

581 2088 764 2127 Cerauno
779 2088 946 2139 pugione
964 2085 1166 2137 percuffus.
1180 2086 1268 2124 Vid.
1286 2085 1468 2124 Prideaux
1483 2087 1520 2124 P.
1538 2087 1593 2131 11,
1610 2087 1650 2124 L.
1667 2086 1706 2132 1,
1729 2099 1831 2126 anno

583 2153 671 2180 ante
687 2141 731 2180 C.
750 2140 824 2180 280
838 2170 850 2185 ‚
867 2142 904 2179 δι
922 2140 1165 2189 scriptoribus
1177 2139 1223 2177 ab
1239 2151 1287 2177 eo
1301 2139 1457 2177 laudatis
1469 2140 1560 2179 adde
1573 2139 1692 2178 Strab.
1710 2140 1802 2179 Xlll
1815 2170 1832 2186 ,

581 2207 668 2246 pag.
685 2196 757 2246 623
778 2194 828 2232 D.
847 2193 905 2232 sed
921 2194 979 2231 hic
993 2193 1184 2244 regionem
1203 2205 1281 2230 non
1303 2193 1497 2241 nominat,
1519 2194 1557 2231 in
1580 2205 1657 2246 qua
1681 2193 1831 2245 percus-

580 2247 641 2287 sus
659 2248 722 2286 est.
743 2248 900 2286 SOLAN.
1765 2253 1769 2258 ·

633 2305 707 2339 ead.
722 2301 744 2338 l.
763 2297 1042 2350 11,'E6m'w·oe⁷o)
1057 2298 1101 2336 Et
1117 2297 1165 2337 sic
1178 2297 1308 2349 supra,
1331 2312 1364 2338 c.
1385 2312 1438 2346 ¹4·
1456 2298 1598 2338 Rmz.

634 2356 707 2392 ead.
725 2355 750 2392 l.
771 2351 973 2403 ι4.”Ωρην)
988 2352 1046 2391 Sic
1067 2351 1195 2402 spiritu
1212 2354 1312 2390 tenui
1329 2353 1374 2391 B.
1396 2354 1431 2390 in
1453 2353 1602 2403 reliquis
1622 2365 1707 2397 cum
1726 2351 1830 2404 aspe-

579 2420 627 2446 ro
651 2406 846 2453 scribitur3
867 2407 941 2444 vid.
965 2405 1006 2442 &
1022 2405 1142 2457 Ἀστρ.
1162 2418 1241 2456 cap.
1264 2419 1324 2455 27.
1351 2405 1505 2444 SOLAN.
1531 2403 1715 2454 Οὖὸεμίην
1741 2406 1828 2458 ὤρην

574 2459 764 2514 ἐποιέετο)
786 2459 845 2500 Sic
861 2459 1048 2501 Herodot.
1068 2458 1106 2508 Ι,
1131 2472 1167 2511 p.
1192 2472 1212 2497 2
1227 2458 1278 2498 D.
1296 2458 1342 2499 Et
1362 2459 1553 2512 laevigato
1568 2459 1604 2498 in
1619 2459 1676 2498 ed.
1694 2458 1821 2512 Steph-
