1907 3101
528 173 618 223 574
747 155 833 202 DE
867 155 1119 202 AETATE
1153 157 1236 227 ET
1270 156 1572 205 AUCTORE

518 249 712 291 lemnibus
735 249 933 289 describit:
964 251 1146 302 probalile
1170 265 1248 292 non
1264 252 1404 296 videri,
1425 251 1451 291 s1
1472 263 1615 292 tantam
1636 246 1785 294 habuis&

518 304 572 343 fet
597 303 867 343 Christianismi
897 306 1071 356 peritiam
1087 333 1097 350 ,
1122 317 1303 358 quantam
1329 307 1366 344 in
1391 306 1647 359 philopatride
1671 321 1784 360 repe·

520 360 667 405 rimus,
692 370 771 396 non
798 359 889 396 alias
905 359 1018 397 etiam
1043 371 1127 397 enm
1153 372 1242 411 prae
1265 359 1302 398 se
1323 359 1465 407 tulisse3
1496 371 1611 413 atque
1635 373 1684 400 eo
1706 375 1784 401 ma.

521 413 600 465 gis,
622 424 709 450 cum
732 411 885 450 occafio
901 412 938 449 in
955 413 1012 450 his
1033 411 1117 464 ipfis
1132 442 1143 459 ,
1169 426 1268 465 quae
1287 413 1469 452 habemus
1484 414 1532 451 ab
1556 427 1604 453 eo
1625 413 1784 467 scripta,

522 478 605 506 non
626 463 814 510 defuerit,
836 477 918 503 tum
942 466 981 504 in
996 466 1160 513 bonam,
1182 478 1262 504 tum
1286 467 1324 504 in
1345 467 1480 504 malam
1499 467 1613 506 etiam
1634 478 1784 520 partem

520 519 749 571 ampliorem
778 519 1082 558 Christianorum
1107 520 1340 559 mentionem
1368 519 1538 558 faciendi.
1573 521 1615 559 In
1640 523 1784 562 bonam

521 573 674 626 quidem
689 585 738 611 eo
753 572 924 625 inprimis
937 574 1025 612 loco
1037 603 1048 619 ,
1075 573 1143 611 ubi
1157 573 1421 612 Alexandrum
1439 573 1786 618 Pseudomantinil-

522 629 604 667 lum
621 626 668 666 ab
685 626 848 665 oraculo
866 625 935 665 suo
949 627 1118 673 Atheos,
1143 627 1350 679 Epicureos
1363 657 1373 674 ,
1395 627 1632 668 Christianos
1649 641 1786 669 omnes

524 680 720 721 removeri
744 681 882 732 procul
903 680 1036 720 iufiiffe
1056 681 1177 719 tradit.
1198 681 1326 720 Verba
1342 679 1417 733 ipsa
1438 680 1579 720 subieci
1606 693 1642 720 1:
1665 684 1699 721 εἴ
1721 697 1786 723 τις

524 734 646 782 ἄθεος,
669 736 687 774 ἦ
711 736 941 783 Χριστιανὸς,
958 735 976 773 ἦ
1001 735 1257 786 Ἐπικούρειος,
1277 731 1356 774 {inex
1381 737 1628 774 κατάσκοπος
1641 735 1714 775 τῶν
1737 738 1787 787 hp-

522 790 629 843 -yicov,
647 788 841 841 φευγέτω.
864 787 946 827 Cur
958 788 1170 840 Epicureos
1182 787 1304 827 abeffe
1314 788 1505 835 voluerit,
1520 788 1705 836 declarat,
1724 788 1787 830 sed

525 846 573 882 de
589 842 725 881 nostris
743 853 841 880 tacet
853 872 865 890 ,
890 854 962 881 nec
981 843 1165 880 rationem
1188 842 1303 881 ullam
1317 872 1329 888 ‚
1345 855 1413 880 cur
1433 841 1557 880 exefi'e
1572 842 1656 881 illos
1674 841 1788 883 sacris

526 897 602 937 suis
615 895 830 935 Alexander
843 895 1031 943 voluerit,
1047 894 1214 948 profert:
1234 893 1456 947 forte'quod
1474 895 1651 935 laudandi
1663 908 1788 946 erant,

527 952 605 990 hoc
634 949 788 1001 quidem
817 949 855 986 in
883 949 997 996 loco,
1019 950 1123 1001 quod
1143 962 1166 987 a
1188 948 1224 987 se
1250 962 1418 1001 paganus
1438 950 1560 988 homo
1582 950 1787 1002 impetrare

527 1018 607 1043 non
632 1003 812 1055 poterat?
843 1003 914 1041 Sed
939 1004 1051 1041 etiam
1081 1015 1168 1041 cum
1199 1003 1294 1041 ridet
1321 1001 1555 1042 Christianos
1578 1014 1623 1049 2,
1655 1005 1696 1042 &
1726 1017 1789 1043 res

524 1059 680 1098 illorum
705 1057 827 1095 dedita
852 1069 972 1108 opera
993 1069 1144 1096 narrare
1158 1056 1277 1095 videri
1300 1056 1408 1104 vult,
1432 1057 1567 1109 partim
1588 1057 1716 1096 verbis
1739 1069 1789 1097 ex

527 1111 727 1165 gentilium
751 1109 945 1162 disciplina
970 1110 1092 1161 petitis
1112 1111 1233 1150 utitur
1255 1109 1302 1148 ad
1325 1123 1385 1149 res
1404 1109 1573 1163 ipsorum
1595 1111 1790 1163 designan-

527 1169 617 1211 das,
639 1164 774 1217 partim
788 1194 798 1211 ,
821 1164 973 1215 vulgari
993 1177 1149 1212 errore,
1169 1163 1400 1203 Iudaeorum
1417 1164 1456 1203 δι
1478 1163 1789 1204 Christianorum

530 1219 683 1260 miscere
709 1218 863 1269 negotia
884 1218 1060 1264 videtur,
1085 1218 1126 1257 δι
1150 1218 1189 1256 in
1219 1217 1438 1256 universum
1465 1219 1515 1256 ita
1537 1218 1721 1270 loquitur,
1745 1230 1790 1258 ut
1816 1228 1820 1236 ¹

529 1275 614 1314 satis
637 1283 839 1324 appareat,
868 1284 993 1323 neque
1016 1271 1133 1310 libros
1156 1270 1284 1310 sacros
1305 1270 1429 1324 legiffe
1445 1284 1613 1324 unquam
1627 1301 1639 1317 ,
1661 1284 1789 1323 neque

527 1330 640 1368 etiam
670 1325 821 1365 aliunde
844 1323 1085 1364 {hnenffimae
1104 1324 1317 1377 disciplinae
1341 1327 1511 1364 rationes
1533 1325 1616 1364 satis
1641 1325 1792 1365 habuis-

525 1383 564 1421 se
594 1380 767 1431 cognitas
787 1389 903 1430 atque
932 1377 1155 1431 perspeGlas.
1190 1378 1393 1430 Quoniam
1426 1379 1463 1417 id
1493 1378 1548 1418 est
1580 1392 1712 1431 parum
1739 1380 1791 1418 ab

528 1437 600 1475 hac
626 1433 877 1486 disputatione
901 1433 1066 1472 alienum
1082 1462 1096 1480 ,
1126 1444 1218 1484 age,
1244 1433 1429 1486 quaedam
1455 1433 1502 1471 ad
1529 1433 1631 1472 hunc
1657 1433 1792 1473 Lucia-

530 1491 569 1529 ni
597 1491 724 1528 locum
750 1499 991 1526 annotemus.

584 1541 729 1582 XVIII.
752 1541 811 1579 Ac
828 1541 993 1592 primum
1012 1540 1164 1592 quidem
1189 1539 1323 1585 miror,
1348 1538 1690 1587 TANAQU11,LUM
1709 1540 1792 1580 FA-

531 1608 683 1643 BRUM,
707 1594 836 1633 virum
861 1592 1197 1647 ingeniolissimum
1221 1594 1266 1632 ad
1292 1593 1353 1632 illa
1377 1594 1516 1640 verba,
1543 1605 1558 1637 3
1582 1597 1646 1633 τὸν
1661 1595 1794 1648 μέγαν

529 1652 627 1703 ’γοῦν
649 1648 782 1689 ἐκεῖνον
803 1663 838 1687 κ.
858 1663 895 1687 τ.
911 1659 947 1687 λ.
968 1646 1163 1687 annotasse
1176 1662 1185 1686 t
1198 1648 1299 1700 Istaec
1319 1648 1441 1685 vocula
1456 1646 1546 1700 γοῦν
1563 1647 1725 1699 &fitnfits
1739 1663 1793 1686 re-

532 1718 629 1757 pente
651 1705 814 1755 abruptus
830 1704 916 1750 satis
931 1703 1104 1746 indicant,
1126 1702 1234 1740 multa
1253 1702 1305 1740 Jn'c
1316 1717 1338 1738 a
1353 1701 1506 1739 Luciano
1519 1701 1680 1753 adverfits
1695 1702 1795 1741 Chri-

525 1762 614 1812 stum
632 1757 764 1810 s⁴cfipta
775 1755 900 1807 fhiffi‘,
927 1772 1011 1808 quae
1030 1771 1052 1793 a
1073 1755 1256 1794 maioribus
1270 1755 1388 1808 nostris
1400 1784 1414 1800 ,
1440 1755 1630 1794 hominibus
1648 1755 1793 1794 nimium

529 1814 619 1866 piis,
637 1812 775 1863 Jhblata
796 1810 902 1861 fixere.
924 1810 1021 1849 Hinc
1047 1809 1159 1861 itaque
1185 1811 1249 1861 est,
1275 1812 1365 1861 quod
1387 1810 1521 1847 dixerat
1543 1810 1695 1856 Sufflas,
1722 1809 1795 1848 Lu-

532 1868 667 1908 cianum
697 1864 970 1905 καθάπτεσέται
999 1862 1066 1902 τοῦ
1093 1860 1411 1914 Χριστιανισμσῦ,
1436 1866 1500 1900 καὶ
1525 1860 1638 1902 afim
1661 1862 1793 1908 βλαᾶ-

533 1918 669 1971 ᾳημεῖν
693 1922 757 1957 τὶν
783 1920 956 1969 Χριστὸν,
981 1916 1018 1956 ἐν
1040 1915 1091 1966 τῷ
1109 1914 1175 1954 τοῦ
1194 1916 1405 1969 Περεγρίνου
1426 1915 1503 1965 βίῳ.
1523 1915 1621 1954 Hinc
1638 1916 1794 1966 shblum,

533 1987 573 2013 ut
594 1975 627 2012 in
640 1971 805 2024 plerisque
829 1971 915 2023 Mffi
941 1973 1044 2010 codd.
1065 1986 1133 2009 non
1153 1970 1302 2021 amplius
1320 1971 1421 2021 exstet
1442 1971 1650 2021 Peregrinus.
1679 1969 1795 2022 Equi·

533 2030 618 2067 dem
644 2025 789 2071 fateor,
817 2024 844 2062 si
861 2024 1043 2064 voculam
1065 2022 1161 2076 ’γοῦν
1182 2024 1431 2075 interpretere
1461 2025 1593 2076 itaque,
1614 2034 1658 2062 ut
1673 2023 1726 2062 est
1745 2023 1794 2062 ab

533 2095 605 2126 eo,
629 2081 695 2133 qui
717 2080 818 2118 hunc
840 2079 1033 2130 dialogum
1053 2077 1270 2122 convertit,
1293 2076 1461 2123 faelum,
1486 2077 1585 2117 male
1609 2077 1702 2116 haec
1726 2089 1796 2116 co-

532 2137 690 2175 haerere
721 2146 809 2173 cum
842 2133 910 2178 iis,
940 2145 1038 2184 quae
1070 2131 1311 2184 praecedunt.
1352 2131 1422 2170 Sed
1451 2132 1544 2183 quid
1565 2141 1689 2177 vetat,
1712 2143 1796 2182 quo

536 2191 661 2228 minus
688 2199 886 2226 vertamus
907 2189 991 2225 enim
1006 2216 1018 2231 ‚
1044 2183 1338 2237 frequentiffima
1361 2185 1543 2224 nimirum
1559 2213 1570 2232 ,
1592 2184 1693 2237 apud
1713 2184 1796 2223 Lu·

534 2245 687 2283 cianum
703 2243 814 2280 etiam
828 2270 838 2286 ,
860 2241 968 2278 vocis
983 2238 1258 2291 significatione
1271 2267 1284 2283 ‚
1309 2249 1352 2276 ut
1371 2239 1560 2290 quandam
1583 2248 1691 2277 notet
1711 2249 1796 2290 par·

536 2294 730 2337 entliesm?
749 2294 834 2345 Qui
859 2294 961 2332 enim
980 2324 990 2341 ,
1024 2291 1193 2345 quaeso,
1219 2292 1467 2334 concinnius.
1496 2305 1611 2344 quam
1636 2292 1712 2336 ita,
1736 2291 1798 2329 lo·

536 2352 601 2404 qui
622 2350 748 2401 potuit
764 2349 973 2387 Lucianus:
997 2346 1220 2398 Peregrinus
1235 2344 1360 2384 noster
1380 2346 1417 2384 in
1432 2345 1666 2385 Christianos
1679 2345 1796 2385 etiam

583 2431 593 2450 1
624 2418 658 2449 ln
676 2417 836 2459 Rf'btzn'u7n.
865 2428 934 2458 cap.
960 2417 1010 2457 38.
1241 2425 1256 2457 3
1286 2413 1364 2455 Cap.
1391 2426 1441 2447 ιχ,

581 2475 601 2496 2
629 2462 678 2494 Dc
705 2473 791 2494 moire
812 2461 929 2505 ngr.
951 2472 980 2492 c.
1006 2471 1056 2493 lx.
