1907 3101
565 208 653 269 338
773 199 1634 249 ANNOTATIONES

560 293 656 332 halis
676 290 731 331 usi
757 289 896 330 fuerint
919 289 1047 336 Galli,
1070 299 1257 342 tympana
1281 298 1408 327 tamen
1435 289 1589 341 propria
1611 295 1718 328 erant
1737 288 1823 341 cya

561 347 693 391 belae,
716 345 755 384 &
778 345 858 383 eius
876 343 1141 383 sacerdotibus.
1170 343 1268 382 Hinc
1291 343 1332 380 δι
1355 341 1431 394 ipsa
1454 341 1539 381 Dea
1562 343 1601 382 &
1617 343 1718 382 illius
1731 343 1826 382 Pro-

560 400 699 452 phetae
722 397 867 450 semper
882 410 967 436 cum
984 396 1180 450 tympanis
1204 394 1489 446 conspiciuntur
1514 397 1551 434 in
1575 396 1822 449 antiquorum

560 453 830 491 monumentis.
854 451 959 489 Nota
981 451 1072 488 haec
1095 449 1180 488 sunt
1202 449 1344 487 omnia.
1366 448 1539 488 GRAEV.

617 510 689 543 ead.
710 506 732 543 l.
751 519 784 557 3.
804 504 1034 556 Κυμβὰλοις)
1055 504 1191 542 Horat.
1206 502 1245 547 l,
1267 501 1342 540 Od.
1365 501 1522 548 XVIII,
1542 515 1600 555 13,
1624 505 1734 541 Sacra
1752 514 1823 541 tene

561 572 636 597 cum
657 559 855 610 Berecyntio
883 560 994 596 Cornu
1020 567 1266 600 TYMPANA,
1296 566 1410 607 atque
1441 554 1568 606 paffim
1602 556 1700 606 apud
1728 557 1826 596 alios

561 621 842 664 tympanorum
860 610 895 648 in
917 609 1027 649 sacris
1043 609 1212 660 Cybeles
1229 608 1311 648 fleri
1331 608 1565 647 mentionem
1580 610 1666 661 quis
1681 609 1822 650 nescit?

562 676 678 716 atque
702 665 790 703 inde
814 665 1027 712 τυμπάνοις
1049 663 1089 701 δι
1109 664 1170 701 hic
1190 676 1278 702 cum
1303 661 1448 701 Graev.
1468 662 1721 713 recipiendum
1743 676 1826 703 cre-

565 718 639 756 dat.
658 718 748 757 Non
765 729 839 756 tam
857 717 1003 756 festine:
1027 729 1113 754 nam
1136 716 1176 755 δι
1196 714 1385 766 cymbalis
1402 715 1439 753 in
1462 715 1586 753 iisdem
1610 715 1719 755 usum
1737 716 1826 755 fuis-

563 771 622 818 se,
640 771 715 809 vid.
735 773 829 810 Min.
846 770 923 809 Fel.
939 769 1029 809 Οξὶ.
1054 783 1089 821 p.
1111 783 1197 818 172.
1220 769 1266 808 Et
1285 781 1332 808 ex
1353 768 1499 808 Nonno
1516 769 1549 807 id
1565 769 1764 809 docentem
1781 770 1825 810 F.

565 825 616 863 A.
636 825 775 877 Lampe
792 824 837 863 de
853 824 1054 875 Cymbalis
1071 833 1164 862 vett.
1190 823 1231 861 L.
1251 821 1287 868 1,
1310 834 1391 873 cap.
1413 834 1473 871 ις,
1493 835 1575 874 pag.
1600 836 1665 873 91,
1687 823 1726 862 δι
1745 822 1826 870 111,

564 891 647 930 cap,
671 892 734 926 ¹73
750 879 815 930 qui
832 877 872 916 L.
888 878 928 922 1,
943 889 1027 929 pag.
1050 890 1140 928 134,
1154 888 1221 915 eos
1240 875 1497 927 reprehendit,
1518 876 1583 928 qui
1599 877 1825 927 cymbalum
1879 902 1894 914 .—

565 945 611 971 ac
635 943 866 984 tympanum
888 931 985 969 idem
1006 929 1298 969 instrumentum
1316 927 1422 967 fuisse
1443 940 1635 981 putarunt.
1654 930 1826 981 Cymba-

565 985 645 1024 lum
671 987 772 1024 enim
797 983 992 1023 definierat
1012 985 1050 1022 in
1070 981 1095 1022 f.
1115 995 1197 1035 cap.
1221 996 1253 1029 1,
1275 983 1523 1035 instrumentum
1548 984 1726 1034 musteum,
1740 984 1826 1034 fimi

567 1040 766 1085 rotundum,
791 1053 932 1082 cavum,
958 1038 1069 1075 binum
1082 1067 1092 1084 ,
1114 1037 1148 1074 δ’
1168 1038 1322 1087 confliflu
1337 1047 1460 1075 motum
1473 1065 1484 1083 ,
1505 1038 1680 1089 tympani
1695 1049 1823 1077 autem

567 1093 731 1144 figuram
747 1104 797 1131 ex
821 1089 1125 1142 frequentiffirnis
1139 1091 1262 1129 numis
1282 1089 1410 1128 matris
1427 1088 1555 1128 Deum
1579 1101 1708 1130 notam
1730 1090 1825 1131 effe:

566 1147 672 1198 quod
692 1158 778 1184 cum
802 1145 854 1184 ita
877 1144 945 1192 sit,
964 1144 1071 1196 plura
1087 1144 1222 1183 addere
1245 1141 1477 1195 supersedeo.
1498 1142 1637 1182 ΚΕΗ-7..

619 1201 691 1237 ead.
718 1200 791 1238 l.6.
811 1198 922 1247 Νόμοι
949 1197 1108 1249 πρῶτοι)
1130 1197 1455 1250 (Distinguendae
1481 1196 1553 1235 hae
1574 1197 1697 1249 leges,
1723 1195 1826 1237 seor-

565 1253 712 1306 simque
733 1251 902 1304 singulae
921 1250 1230 1304 imprimendae.)
1250 1249 1451 1303 Scripsetat
1466 1251 1579 1288 etiam
1604 1250 1827 1290 Aristoteles

568 1307 699 1357 νόμους
719 1306 990 1355 συμποτικοὺς,
1013 1304 1104 1344 teste
1130 1304 1336 1344 Athenaeo
1361 1303 1431 1342 186
1449 1304 1493 1342 B.
1510 1303 1761 1357 Quamquam
1785 1304 1842 1343 in*

567 1360 747 1411 catalogo
770 1360 854 1398 eius
878 1370 1040 1411 operum
1064 1370 1141 1396 non
1163 1357 1303 1403 exstet,
1326 1356 1394 1396 nist
1412 1357 1629 1396 admittatur
1651 1357 1827 1398 emenda-

567 1414 651 1461 tio,
679 1425 797 1464 quam
820 1412 893 1451 illic
913 1413 949 1450 in
973 1412 1141 1464 Menagi'i
1164 1412 1267 1450 notis
1291 1410 1418 1450 habes.
1445 1411 1602 1450 SOLAN.

621 1470 692 1504 ead.
713 1467 735 1503 l.
754 1479 808 1514 ¹4·
820 1465 1064 1517 Ἐξετκζέτω,
1076 1464 1173 1514 (mist
1188 1464 1433 1517 ἀναγραφέτω
1445 1464 1520 1503 διε.
1532 1463 1632 1513 (anst
1648 1475 1682 1503 λ.
1694 1464 1826 1504 ἀσκεῖν

568 1520 588 1559 33
611 1518 922 1570 ἑπιὲείκνυσὲῑαι)
944 1518 986 1556 ln
1010 1532 1125 1571 marg.
1143 1519 1195 1556 A.
1218 1521 1279 1556 W.
1296 1517 1522 1569 adscriptum
1539 1529 1619 1557 erat
1634 1517 1826 1569 ἐξετάζειν

569 1573 610 1611 δι
628 1574 928 1625 ἁναγράφεσὸοιι
941 1601 953 1617 ,
972 1572 1076 1624 quod
1089 1571 1214 1611 nescio
1231 1584 1319 1610 num
1334 1571 1437 1610 varia
1458 1570 1500 1610 sit
1514 1569 1628 1611 leftio
1640 1601 1654 1617 ‚
1672 1584 1719 1610 an
1735 1571 1826 1612 suos

568 1626 607 1664 in
630 1625 719 1665 usus
735 1627 827 1664 haec
843 1625 960 1664 verba
977 1636 1120 1664 tantum
1137 1635 1320 1664 annotare
1341 1625 1508 1664 voluerit
1533 1623 1675 1671 scriba,
1694 1625 1825 1677 (quod

569 1680 610 1717 δε
633 1680 721 1719 alias
752 1678 968 1731 saffiravit)
990 1679 1177 1730 posterius
1210 1689 1335 1717 tamen
1360 1678 1540 1731 suspicor,
1561 1680 1649 1729 quia
1673 1692 1826 1731 ’γυμνα-

566 1732 689 1784 ζέσὸω
712 1732 891 1773 ἰητειάῖιιιη
917 1733 1082 1783 reliquit.
1114 1733 1169 1771 At
1190 1732 1438 1784 imperativos
1461 1731 1503 1771 δι
1533 1732 1748 1771 infinitivos
1772 1731 1826 1774 fic

567 1787 674 1838 iungi
698 1787 786 1825 nihil
806 1785 959 1825 monstri
984 1785 1079 1833 ess'e,
1101 1786 1178 1825 vid.
1202 1786 1248 1824 ad
1267 1798 1298 1824 c.
1324 1799 1363 1823 ιι
1393 1796 1579 1825 notatum.
1599 1786 1743 1825 ΚΕΗ-7,.

625 1841 714 1893 Pag.
732 1854 789 1904 ‚¹7‘
807 1840 831 1877 l.
848 1855 882 1885 4.
901 1839 1116 1889 Γρειφόντων
1138 1861 1181 1868 -
1204 1838 1398 1892 ἐχόντων)
1416 1838 1564 1906 Ἰἰεξὶεζ
1587 1853 1657 1892 pro
1677 1838 1838 1901 ‘ylpotcps'l

570 1907 711 1939 τωο-αν,
727 1893 1030 1946 εχέτωσανΝἰό.
1052 1892 1215 1931 similiter
1228 1898 1532 1944 ἀποτρεχοντων,
1548 1907 1826 1938 απαιτουντων,

570 1959 654 1998 cap.
676 1960 734 1998 15.
758 1945 905 1985 Confer
925 1957 1054 1984 notam
1078 1945 1290 1986 Hemsserh.
1314 1946 1358 1984 ad
1373 1945 1475 1984 Dial.
1492 1947 1608 1984 Mort.
1632 1948 1690 1993 X,
1714 1961 1759 1992 2,
1777 1948 1823 1985 ad

572 2001 681 2038 verb.
701 1999 928 2051 ἁπεῤῥίφθων
948 2011 1018 2050 pro
1041 1999 1336 2051 ἀπεῤῥίφθωσαν,
1359 1999 1399 2038 &
1423 1998 1551 2038 Solani
1569 2000 1614 2038 ad
1636 2001 1781 2039 ’fimo-n.
1798 1999 1825 2040 s.
1882 1997 1883 2001 ’

568 2052 787 2105 Contempl.
807 2066 838 2092 c.
863 2066 929 2101 14,
951 2052 1046 2105 (non
1069 2054 1138 2100 26,
1162 2063 1204 2092 ut
1227 2053 1274 2091 ad
1296 2051 1529 2092 Dial.Mort.
1553 2065 1630 2091 non
1647 2066 1730 2092 mea
1743 2053 1825 2092 cul·
1880 2083 1882 2101 i

570 2120 643 2159 pa,
672 2106 883 2158 allegatur)
908 2107 973 2145 ubi
998 2106 1145 2145 videbis
1174 2106 1401 2156 ἑποιιρέσῧων
1435 2119 1506 2157 pro
1537 2106 1823 2158 ἐπαιρέσὲωσαν

571 2159 707 2198 frustra
730 2160 968 2198 sollicitatum
984 2172 1004 2198 a
1022 2160 1111 2199 viris
1128 2159 1258 2198 doetis.
1282 2159 1375 2198 Item
1397 2172 1467 2198 nos
1487 2160 1531 2198 ad
1551 2160 1668 2198 Zeux.
1688 2172 1768 2212 cap.
1786 2172 1821 2211 ς,

571 2213 681 2252 Adde
694 2213 927 2264 Alciphr.11,
949 2226 962 2250 ι
985 2212 1009 2251 f.
1025 2213 1114 2251 ἀλλ’
1131 2208 1236 2251 αὐτοὶ
1251 2212 1319 2263 μὲν
1334 2213 1555 2265 χαιρόντων.
1571 2214 1630 2252 Ac
1645 2212 1712 2259 Ill,
1729 2225 1778 2264 30
1793 2213 1820 2253 f.

570 2266 792 2317 φθονούντων
805 2264 848 2304 ἑὲ
864 2265 892 2304 οἱ
912 2267 1052 2318 πονηροὶ
1065 2266 1136 2305 τῶν
1149 2266 1335 2318 γειτόνων.
1351 2265 1442 2304 lbid.
1458 2266 1524 2317 Ep.
1541 2279 1585 2317 52
1609 2278 1665 2317 pr.
1683 2265 1823 2307 ποιούν-

570 2335 644 2358 των
668 2319 739 2358 ὅσα
754 2320 817 2357 καὶ
838 2318 1041 2363 βούλονται.
1071 2319 1283 2359 Lucianum
1308 2318 1437 2358 rursus
1460 2318 1545 2358 Iov.
1569 2319 1688 2371 Trag.
1711 2330 1745 2358 c.
1773 2332 1817 2359 12

570 2372 596 2413 f.
615 2372 655 2411 δι
674 2373 773 2412 alibi.
798 2372 937 2411 RmTz.

626 2429 697 2464 ead.
715 2427 738 2464 l.
750 2440 787 2474 7.
806 2426 873 2464 Kal
888 2425 1033 2467 ἐσθῆτα
1046 2424 1111 2466 ’riis‘
1126 2424 1233 2465 οὔσης
1248 2424 1313 2465 τὴν
1325 2424 1522 2478 περιττὴν)
1535 2423 1749 2466 Divitiores
1765 2423 1822 2465 so-

570 2480 658 2519 litos
682 2480 921 2520 tenuioribus
951 2492 1108 2521 munera
1141 2477 1336 2532 vestesque
1361 2490 1507 2523 mittere
1537 2477 1820 2526 Saturnalibus,
