1907 3101
564 145 652 206 588
780 144 867 192 DE
900 146 1151 195 AETATE
1188 148 1270 194 ET
1303 148 1601 197 AUCTORE

559 231 640 271 ficii
671 233 836 274 tribuere
858 236 1041 288 oppreffis
1067 236 1284 277 instituiffet.
1320 238 1374 277 At
1398 238 1597 290 loquitur,
1626 249 1807 289 tanquam

558 285 607 324 de
634 286 852 328 hominibus
875 290 967 328 olim
994 291 1094 329 notis
1119 291 1338 330 Erasmus.
1380 292 1498 331 Reae
1525 292 1616 331 illud
1641 291 1808 344 quidem.

558 337 662 390 Quo
681 341 780 379 enim
806 352 979 394 tempore
1000 344 1091 383 haec
1112 343 1318 389 scribebat,
1340 345 1422 383 noti
1443 345 1559 384 fuere.
1582 345 1684 384 Ante
1703 344 1811 383 Con-

558 392 710 432 ssantini
732 405 892 434 aetatem
914 406 1126 448 potuerunt
1145 396 1252 436 fuiffe
1270 398 1460 449 incogniti.
1484 397 1684 437 Eusebium
1703 394 1810 449 quast

558 447 711 497 agmine
729 446 831 488 facto
846 449 975 488 deinde
989 449 1194 502 sequuntur
1208 450 1470 490 Gnmomus
1486 452 1809 497 NAziANthus,

558 498 786 548 BASILms,
808 502 1062 555 Imperatores
1082 503 1227 555 aliquot
1255 505 1296 542 in
1325 504 1456 543 codice
1478 503 1750 544 Theodosiano
1769 503 1811 541 &

560 551 762 600 Novellis,
797 555 837 594 δι
862 557 1006 608 reliqui.
1039 558 1144 596 Haec
1172 555 1250 609 ipsa
1279 556 1388 596 causa
1413 557 1490 603 est,
1516 558 1621 609 quod
1648 557 1811 596 Lexico-

562 607 697 658 graphi
720 610 972 648 communiter
994 609 1090 648 hanc
1109 622 1247 648 vocem
1268 611 1472 656 omittunt,
1488 611 1532 649 ad
1554 609 1726 663 glossaria
1745 609 1813 649 sci-

558 658 647 698 licet
668 661 789 713 lapsae
815 662 1045 702 Graecitatis
1062 676 1150 702 eam
1175 663 1396 714 relegantes.
1421 662 1521 702 Idem
1547 664 1741 702 dicendum
1764 663 1810 702 de

560 713 718 753 nomine
741 719 939 754 Πολιτικῆς
968 729 1001 755 c.
1032 730 1098 767 19,
1129 717 1166 754 in
1199 727 1384 768 quantum
1410 715 1588 766 ἑξισωτὴν
1617 716 1810 769 fignificat.

560 767 694 817 Atque
722 767 787 807 ista
819 769 970 821 quidem
1001 769 1224 821 generaliter
1251 769 1309 808 hic
1337 769 1520 808 monuisse
1552 769 1722 809 sufficiat.
1755 770 1812 809 Ita

562 819 757 860 Galilaeos
782 823 887 874 quod
915 834 1030 861 vocat
1056 823 1231 874 Triepho
1251 822 1481 862 Christianos
1498 853 1510 868 ‚
1537 834 1602 862 aut
1623 824 1812 863 recentio-

559 873 611 911 ris
640 875 804 914 multum
828 875 995 915 Luciano
1025 875 1239 927 scriptoris,
1269 887 1334 914 aut
1362 874 1604 927 antiquiffimi
1628 877 1812 915 indicium

563 928 771 967 credimus:
793 942 879 967 cum
896 942 992 968 vero
1011 928 1306 981 antiquissimum
1329 941 1407 967 non
1428 927 1524 977 effe,
1543 929 1607 968 vel
1625 928 1725 969 solus
1740 930 1815 968 Ar-

563 981 775 1020 temidorus
795 982 832 1021 in
846 995 894 1021 eo
912 982 1084 1021 laudatus
1103 993 1257 1034 arguat,
1279 981 1514 1034 consequens
1531 982 1604 1031 est,
1623 994 1666 1022 ut
1691 995 1814 1022 recen-

562 1033 705 1072 tiorem
737 1036 916 1075 dicamus.
949 1035 1020 1074 Sed
1050 1037 1091 1075 ὅ(
1124 1036 1219 1075 hanc
1245 1035 1535 1087 disputationem
1571 1037 1815 1076 commodius

566 1086 796 1127 differemus.
824 1088 1006 1128 Ceterum
1035 1088 1109 1128 hoc
1134 1089 1274 1128 referre
1302 1088 1380 1128 fere
1405 1089 1585 1136 audeam,
1613 1090 1716 1141 quod
1745 1105 1815 1128 vro·

564 1141 787 1191 λυάσχολος
805 1141 1049 1191 μαθηματικὴ
1072 1153 1255 1189 vocatur,
1269 1141 1421 1181 insolito
1442 1142 1552 1181 bonis
1573 1142 1814 1196 scriptoribus

564 1194 779 1245 duplicandi
804 1194 867 1234 seu
891 1196 1146 1246 componendi
1162 1208 1322 1247 genere,
1350 1196 1389 1234 &
1405 1194 1533 1233 nescio
1554 1196 1643 1248 quid
1665 1195 1814 1236 affena-

565 1257 630 1286 tae
662 1246 882 1300 fucataeque
908 1249 1084 1289 dictionis
1107 1247 1290 1301 sapiente,
1313 1260 1413 1300 quae
1434 1247 1560 1288 seculo
1583 1261 1720 1300 quarto
1735 1278 1745 1295 ‚
1773 1250 1814 1288 &

563 1301 741 1353 deinceps
771 1303 950 1354 paulatim
975 1303 1012 1340 in
1039 1302 1243 1341 Graeciam
1270 1315 1290 1340 a
1322 1301 1478 1352 pristino
1510 1304 1676 1342 candore
1701 1302 1815 1342 defle-

560 1352 728 1393 t‘ientem
751 1355 915 1407 irrepere
935 1355 1072 1408 coepit.
1103 1356 1257 1406 Evvcopl5
1278 1355 1376 1405 apud
1398 1355 1597 1407 antiquos,
1623 1367 1810 1408 quantum

565 1408 740 1447 constare
762 1409 850 1447 mihi
873 1409 1024 1461 potuit,
1043 1419 1190 1447 tantum
1211 1409 1256 1447 de
1282 1409 1367 1459 biga
1386 1421 1575 1458 equorum
1600 1409 1663 1449 vel
1687 1410 1815 1448 mulo-

566 1474 651 1500 rum
677 1462 891 1501 adhibetur:
922 1463 1025 1514 apud
1045 1461 1226 1501 Nostrum
1249 1462 1286 1499 in
1308 1461 1385 1500 fine
1404 1461 1544 1513 dialogi
1569 1456 1594 1501 33
1617 1462 1713 1502 καλὴ
1736 1462 1818 1512 {vv-

570 1515 647 1564 ωρές
670 1515 715 1553 de
734 1516 944 1554 amicorum
964 1514 1043 1567 pari
1060 1515 1211 1561 dicitur,
1235 1515 1434 1567 quomodo
1452 1516 1564 1553 etiam
1581 1516 1680 1567 apud
1704 1529 1791 1554 eum
1806 1545 1819 1564 ,

547 1568 636 1618 ‚qui
657 1569 775 1607 viram
805 1569 985 1619 Gregorii
1003 1568 1230 1607 Nazianzeni
1256 1567 1418 1618 scripsit,
1443 1567 1583 1617 ζηλωτῆ
1607 1568 1748 1620 ξυνωρὶς
1769 1569 1816 1608 de

569 1621 806 1673 Gregorii&
824 1622 946 1661 Bafilii
965 1622 1148 1667 amicitia,
1172 1622 1210 1660 δι
1231 1620 1376 1673 saepius
1394 1622 1524 1660 deinde
1548 1622 1648 1673 apud
1664 1621 1817 1673 sequio-

568 1687 630 1714 res
647 1674 787 1714 dietum
813 1676 977 1727 reperi0.
996 1675 1055 1714 Sic
1077 1676 1207 1727 κράτος
1228 1687 1300 1727 pro
1325 1674 1556 1726 Imperatore
1577 1675 1614 1712 in
1638 1674 1718 1727 ipso
1741 1674 1816 1714 fine

570 1727 685 1766 libelli
713 1728 877 1781 positum
912 1741 960 1767 ex
985 1728 1226 1767 Nazianzeno
1254 1727 1532 1767 illustravimus.
1572 1726 1642 1767 Sed
1671 1728 1717 1767 de
1748 1728 1817 1767 usu

569 1782 701 1820 talium
722 1782 1000 1821 vocabulorum
1025 1779 1143 1820 nolim
1175 1780 1351 1834 profeEto
1369 1782 1598 1820 contendere
1615 1781 1819 1820 vehemen-

572 1836 659 1874 tius.
686 1835 783 1874 Fieri
810 1836 911 1874 enim
936 1835 1109 1874 facillime
1136 1835 1172 1873 in
1201 1845 1304 1874 tanta
1328 1833 1553 1885 scriptorum
1575 1833 1815 1874 Graecorum

572 1889 683 1940 copia
709 1889 853 1940 potest,
876 1889 1012 1941 quibus
1035 1888 1200 1938 legendis
1220 1889 1286 1926 vix
1317 1899 1417 1926 aetas
1440 1887 1648 1934 sufficeret,
1678 1888 1816 1927 nedum

573 1943 761 1980 memoria
781 1941 1162 1994 comprehendendis,
1184 1942 1224 1981 ὃ(
1241 1942 1368 1993 inopia
1383 1941 1607 1980 Lexicorum
1620 1971 1633 1986 ,
1654 1952 1695 1979 ut
1712 1954 1818 1993 egre-

574 1996 638 2046 gie
663 1994 811 2035 fallatur
840 1996 995 2048 aliquis,
1024 1995 1189 2047 inprimis
1211 1994 1238 2032 fi
1271 2007 1348 2033 non
1375 1993 1492 2033 soleat
1522 1993 1658 2046 scripto
1688 1996 1820 2034 omnia

573 2047 772 2087 observata
800 2048 863 2088 sua
887 2049 1124 2088 committere
1151 2060 1179 2086 1.
1210 2048 1387 2086 Arbitror
1409 2058 1556 2094 autem,
1588 2060 1674 2086 cum
1701 2048 1820 2087 multa

574 2114 811 2141 concurrunt
832 2099 1033 2152 τεκμήρια,
1052 2113 1152 2153 quae
1171 2101 1313 2153 singula
1337 2101 1487 2153 quidem
1505 2100 1652 2152 possent
1674 2103 1820 2140 oratio·

575 2168 626 2193 ne
640 2155 802 2202 elevari,
824 2156 1009 2207 quaedam
1032 2156 1145 2193 etiam
1168 2156 1312 2193 ratione
1334 2155 1457 2195 reiici,
1483 2154 1645 2192 hominis
1666 2153 1739 2193 effe
1753 2157 1823 2193 im-

575 2210 773 2260 pudentis,
799 2209 925 2247 omnia
950 2208 1049 2247 velle
1071 2207 1251 2259 repellere
1265 2238 1275 2253 ‚
1294 2206 1507 2257 praesertim
1528 2206 1555 2244 s1
1575 2207 1755 2258 quaedam
1778 2208 1821 2246 il-

575 2263 701 2301 lorum
727 2263 772 2301 ad
798 2263 978 2301 maiorem
1001 2262 1116 2313 paulo
1144 2261 1417 2314 probabilitatis
1438 2260 1596 2312 gradum
1619 2261 1819 2309 accedant,

623 2353 635 2372 1
663 2341 715 2372 Sic
735 2341 932 2383 deprehendi
953 2341 1037 2383 apud
1052 2340 1170 2383 Euripi·
1228 2341 1367 2373 austeris
1384 2340 1463 2379 su0‚
1479 2340 1509 2372 id
1523 2338 1583 2378 est,
1599 2350 1713 2384 quarto
1732 2340 1823 2377 scne-

575 2386 641 2416 dem
663 2385 824 2416 Phoeniss.
841 2396 920 2425 1092
934 2410 942 2423 ‚
960 2379 1103 2425 Ξυνωριᾶι
1120 2386 1169 2416 τέ’·
1229 2384 1329 2419 scenti
1351 2384 1463 2418 seculo
1487 2384 1609 2418 deberi.

579 2441 664 2464 κνων.
685 2430 726 2462 Et
735 2438 840 2464 tamen
853 2438 946 2473 puto,
966 2428 1058 2462 usum
1074 2428 1173 2462 nostri
