1907 3101
587 182 674 245 578
803 177 890 227 DE
920 181 1173 228 AETATE
1207 182 1291 228 ET
1323 180 1625 229 AUCTORE

580 271 650 311 &is
662 271 732 311 illis
744 272 939 325 gentilium
952 272 1292 325 fabularum‘nugis
1305 303 1318 319 ‚
1333 273 1379 312 ad
1391 272 1694 312 Christianorum
1706 272 1835 313 Deum

578 326 873 377 acreligionem
898 324 972 366 sese
993 337 1221 365 convertere
1236 357 1247 373 ,
1269 326 1366 365 ut&
1391 326 1459 380 ipse
1484 326 1686 380 insa-ribatter
1703 328 1738 366 in
1766 343 1836 366 coe-

580 379 711 432 lestibus
732 380 801 418 illis
819 390 1047 418 BONORVM
1071 379 1172 418 libris.
1205 380 1308 419 Tum
1332 379 1492 426 Critias,
1518 380 1558 418 εὖ
1582 382 1714 418 πάντα
1739 381 1834 419 ἀνοι-

580 432 749 480 κωιλεῖς,
772 433 917 485 inquit,
943 428 968 472 ὦ
985 432 1192 485 Τριεφῶν,(
1202 432 1310 484 supra
1330 434 1437 471 enim
1461 433 1533 470 iam
1557 433 1603 472 de
1623 433 1730 472 libris
1748 446 1836 473 coe-

579 483 758 533 lestibus,
781 488 820 525 δε
845 487 883 525 in
899 487 951 525 iis
981 485 1220 539 inscriptione
1245 487 1390 525 dixerat
1412 486 1608 538 Triepho)
1633 486 1741 525 ἀλλά.
1769 502 1834 537 μοι

579 537 687 587 τόδε,
711 539 752 579 &
765 540 908 592 reliqua
922 569 935 586 ,
954 553 1053 592 quae
1078 540 1196 579 modo
1217 540 1430 585 attulimus,
1447 539 1515 578 ubi
1533 539 1738 592 interrogat
1750 540 1836 581 Crt-

578 592 673 640 tias,
701 609 745 631 an
769 594 975 645 Scytharum
999 594 1099 632 etiam
1124 605 1239 633 curam
1260 605 1355 646 gerat
1376 594 1502 638 Deus,
1528 593 1567 630 δ’
1591 593 1626 631 in
1649 594 1766 632 librum
1788 595 1834 632 il·

581 646 632 684 los
665 653 888 685 BONORUM
918 647 1106 698 inscribat?
1138 647 1271 698 Quidni
1297 647 1475 698 inscribat,
1500 646 1700 699 respondet
1725 644 1836 686 Trie-

578 699 682 750 pho,
699 702 737 751 fi
760 703 855 740 modo
880 710 992 738 eom
1007 702 1110 752 fiat?
1144 699 1219 740 Cui
1244 711 1323 739 non
1347 709 1529 752 apparet,
1555 702 1722 752 χρηστὸν
1746 700 1833 747 hic»,

579 764 620 792 ut
645 753 736 792 alias
768 754 867 807 apud
895 754 1050 806 quosvis
1075 753 1301 807 scriptores,
1334 753 1547 806 praesertim
1572 766 1660 792 eum
1676 784 1686 802 ‚
1715 764 1834 806 quem

577 806 718 846 Noster
733 807 786 846 est
805 807 994 856 imitatus,
1018 808 1228 847 Lucianum
1243 837 1255 855 ,
1281 807 1374 858 poni
1398 806 1479 847 ἀντὶ
1502 804 1570 845 τοῦ
1591 805 1756 860 dycaeo&
1777 807 1835 847 Ita

577 858 674 899 infra
696 874 728 900 c.
754 875 822 913 23,
843 864 1012 914 χρηστὸς
1026 862 1105 913 γὰρ
1123 861 1166 899 ἂν
1184 861 1258 899 εἴης
1279 859 1410 914 ἀπό-γε
1426 858 1494 899 τοῦ
1514 858 1734 911 σχήματος,
1755 877 1835 900 nam

569 913 671 965 frugi
685 914 747 966 eff}
764 930 906 967 appares
925 915 1037 967 utique
1049 930 1092 952 ex
1104 915 1232 952 habitu.
1261 913 1455 953 Praeterea
1476 914 1620 957 nescio,
1643 926 1692 952 an
1707 926 1835 953 exem-

568 967 643 1020 plo
668 968 822 1019 probari
846 967 980 1020 poffit,
1011 970 1179 1019 χρηστὸν
1207 966 1346 1006 dietum
1371 980 1445 1016 pro
1468 966 1698 1006 Christiano.
1733 967 1834 1007 Nam

566 1020 768 1061 ‘Christum
780 1021 933 1074 quidem
953 1020 1070 1073 ipsum
1086 1020 1287 1074 quomodo
1296 1020 1504 1072 intelligere
1517 1021 1601 1072 quis
1623 1032 1712 1060 cum
1725 1021 1830 1061 bona

576 1074 867 1115 bonae-mentis
892 1075 1003 1115 venia
1019 1075 1135 1122 velit,
1162 1087 1243 1113 non
1261 1074 1404 1122 video;
1426 1086 1514 1112 cum
1533 1086 1734 1126 appareat,
1758 1087 1831 1127 pro

579 1141 727 1182 genere‘
740 1129 938 1169 hominum
952 1157 963 1174 ‚
982 1129 1087 1181 quod
1107 1128 1233 1181 plures
1255 1126 1322 1167 sub
1337 1127 1374 1167 se
1390 1128 1678 1181 complectatur,
1693 1141 1830 1168 vocem

608 1183 696 1231 oni,
721 1182 760 1222 δι
788 1183 887 1222 hanc
906 1181 980 1222 effe
1005 1182 1111 1222 verbi
1133 1183 1351 1235 τυγχάνειν
1373 1182 1473 1227 vim,
1502 1192 1544 1220 ut
1565 1182 1742 1220 converti
1765 1183 1830 1221 de·

579 1196 735 1288 Eez'lnfi
750 1239 845 1276 modo
858 1237 1035 1287 contingat
1057 1235 1118 1288 effi
1135 1236 1219 1274 inter
1228 1234 1536 1287 Scythasaliquem
1550 1235 1613 1274 δέ.
1631 1235 1712 1274 Nec
1721 1235 1835 1275 Chri-

573 1289 625 1329 fii
649 1291 780 1342 igitur,
802 1303 872 1330 nec
891 1289 1190 1329 Christianorum
1204 1319 1215 1334 ‚
1241 1288 1434 1327 nominatim
1455 1288 1684 1328 mentionem
1705 1288 1741 1327 in
1758 1289 1833 1329 hoc

580 1344 735 1396 dialogo
753 1343 833 1383 fieri
859 1342 1020 1391 cense03
1046 1343 1151 1395 quod
1175 1340 1359 1395 quorsum
1386 1341 1589 1394 pertineat,
1607 1340 1709 1380 infra
1723 1342 1834 1382 vide-

580 1398 717 1436 bimus.
742 1398 814 1436 Hic
834 1397 925 1436 illud
946 1399 1069 1436 notari
1098 1396 1212 1435 veiim
1227 1426 1240 1441 ,
1270 1395 1450 1447 quidquid
1469 1396 1582 1434 etiam
1601 1395 1646 1433 de
1666 1395 1831 1436 Chresto

581 1450 651 1497 sit,
670 1451 879 1490 Lucianum
899 1451 950 1489 ita
970 1463 1049 1491 non
1072 1450 1191 1489 videri
1213 1449 1439 1501 scripturum
1465 1447 1593 1496 fuiffe,
1615 1459 1703 1487 cum
1723 1449 1833 1498 Chri.

574 1504 790 1543 ”ssianorum
819 1516 958 1542 nomen
973 1534 983 1551 ‚
1007 1504 1159 1556 quoties
1178 1515 1279 1555 opus
1304 1502 1396 1548 fuit,
1419 1501 1642 1548 adhibuiffe,
1662 1515 1710 1541 ex
1722 1503 1833 1555 Pfiu·

581 1559 733 1596 dommi
757 1558 894 1610 pariter
914 1568 1028 1608 atque
1047 1557 1170 1596 Proteo
1194 1556 1278 1595 saris
1297 1555 1454 1596 constet.

637 1610 757 1650 XXII.
779 1611 910 1650 Venio
930 1612 975 1649 ad
998 1621 1264 1662 argumentum
1289 1608 1372 1648 satis
1393 1609 1566 1658 firmum,
1586 1620 1628 1649 ut
1647 1618 1722 1660 ego
1743 1609 1831 1662 qui·

581 1665 666 1704 dem
689 1665 874 1712 arbitror,
896 1663 956 1703 sed
980 1665 1085 1717 quod
1109 1675 1232 1715 neque
1254 1662 1402 1703 tractari
1423 1662 1542 1709 bene,
1570 1675 1694 1715 neque
1722 1662 1831 1702 intel-

577 1718 648 1771 -ligi
675 1718 742 1757 nisi
766 1718 813 1757 ab
840 1731 889 1757 eo
915 1717 1059 1769 potest,
1082 1719 1148 1770 qui
1174 1718 1223 1756 ad
1256 1717 1445 1769 ingenium
1475 1716 1533 1754 his
1554 1716 1667 1755 rebus
1696 1712 1828 1768 aptum

581 1773 691 1811 usum
713 1772 824 1811 etiam
844 1773 1009 1824 aliquem
1031 1772 1253 1810 adiunxerit.
1274 1769 1459 1810 Modestia
1480 1770 1541 1809 hic
1559 1781 1628 1808 nos
1647 1769 1831 1819 decebat,

581 1838 669 1866 cum
694 1825 857 1880 primum
883 1824 1129 1865 scriberemus
1155 1835 1242 1864 ante
1267 1824 1381 1863 hosce
1411 1833 1506 1863 xxv
1531 1835 1675 1863 annos:
1701 1822 1828 1862 versa-

582 1881 695 1920 batur
713 1881 811 1919 enim
838 1881 877 1918 in
901 1881 1031 1918 animo
1050 1879 1138 1919 illud
1161 1879 1352 1919 LONG1N1
1375 1876 1398 1916 s.
1415 1878 1452 1923 6,
1475 1875 1514 1914 ‘H
1537 1875 1611 1916 τῶν
1627 1877 1746 1929 Λὸςγων
1760 1877 1829 1928 κρί-

585 1949 643 1976 σις
668 1933 812 1974 πολλῆς
836 1934 916 1973 ἐστι
944 1934 1073 1986 πείρας
1096 1930 1312 1972 τελευταῖον
1333 1932 1582 1983 ἐπιγέννημα.
1608 1929 1678 1969 Sed
1702 1940 1829 1969 tamen

583 2002 700 2043 quam
730 1987 916 2026 familiaris
944 1999 1027 2026 tum
1053 1987 1163 2026 nobis
1185 1986 1375 2026 Lucianus
1401 1984 1539 2029 fuerit,
1563 1984 1829 2023 annotationes

584 2042 737 2083 nostrae
752 2041 954 2081 testantur:
979 2040 1018 2080 &
1040 2053 1119 2080 non
1137 2040 1322 2085 exstabat,
1341 2051 1430 2079 cum
1448 2037 1543 2076 haec
1563 2036 1830 2085 scriberemus,

583 2098 702 2137 Index
725 2097 763 2134 in
783 2093 1005 2135 Lucianum.
1028 2093 1092 2133 Ab
1115 2106 1165 2133 eo
1183 2104 1357 2145 tempore
1377 2104 1573 2143 nunquam
1593 2091 1704 2142 plane
1727 2091 1829 2130 abie-

584 2151 707 2191 cimus
732 2150 855 2188 illum:
885 2149 922 2188 δι
944 2161 1073 2196 nunc,
1095 2161 1181 2187 cum
1207 2147 1357 2186 tertium
1381 2144 1538 2185 traciare
1561 2144 1624 2183 ista
1650 2154 1828 2196 oportet,

585 2215 756 2244 recentes
773 2203 900 2243 sumus
920 2203 967 2241 ab
989 2203 1310 2254 interpretatione.
1329 2198 1468 2239 Credet
1482 2198 1596 2251 igitur
1616 2199 1728 2237 nobis
1750 2196 1829 2236 for·

586 2257 677 2297 taffe
703 2257 861 2309 aliquis,
896 2255 1047 2309 agnosci
1074 2263 1096 2293 a
1121 2254 1230 2294 nobis
1253 2252 1356 2305 poffe
1383 2265 1522 2292 vocem
1549 2252 1590 2291 &
1615 2251 1826 2290 sermonem

585 2311 730 2364 antiqui
755 2324 775 2350 a
797 2310 947 2363 triginta
965 2321 1086 2362 paene
1107 2309 1213 2347 annis
1228 2305 1384 2351 sodalis,
1403 2318 1516 2358 quem
1541 2317 1660 2356 nuper
1675 2306 1826 2344 demum

587 2366 718 2414 Latina
732 2364 841 2417 loqui
860 2364 1069 2403 docuimus.
1089 2363 1197 2402 Haec
1220 2361 1374 2400 maioris
1398 2359 1470 2399 effe
1489 2358 1645 2403 debent,
1666 2370 1781 2409 quam
1798 2355 1827 2396 si

588 2421 673 2473 quis
691 2420 785 2457 dicat
801 2450 812 2465 ‚
835 2418 1020 2456 lubricum
1046 2415 1142 2462 effe,
1169 2415 1272 2468 quod
1294 2427 1314 2453 a
1333 2413 1415 2453 stilo
1436 2412 1607 2457 sumitur,
1625 2423 1826 2463 argumen-

588 2486 690 2520 tum,
714 2474 753 2511 &
777 2472 910 2512 ssmiles
929 2472 1015 2511 huic
1032 2470 1209 2523 loquatur
1225 2468 1435 2509 sententias.
1459 2466 1530 2507 Sed
1551 2466 1588 2504 in
1613 2477 1691 2505 rem
1719 2475 1826 2518 prae·
