1907 3101
227 207 726 255 PHILOPATRIDIS
762 207 1201 255 DISSERTATIO.
1273 210 1357 273 581

99 293 312 336 Meliorane
333 307 460 336 autem
482 295 567 335 sunt
583 325 594 340 ,
621 308 721 348 quae
750 295 982 349 sequuntur,
1005 296 1135 337 Nostri
1161 295 1362 337 carmina?

98 347 235 389 Iovem
261 350 350 389 dicit
368 363 401 388 c.
422 366 466 397 4,
486 349 791 403 συνευωχεῖσθαι
819 349 1100 403 Aethiopibus,

204 402 376 454 Ἀνὸρέισι
402 403 659 453 μελαντέραις,
680 403 743 441 καὶ
765 402 832 442 τὴν
848 402 938 453 ’balant
959 403 1219 456 ἑζοφωμένοις.

98 454 207 508 Eug'e
221 487 232 504 ,
254 456 388 508 septies
405 468 602 508 peccatum
629 457 666 495 in
692 455 850 509 pedibus
874 456 948 496 sex.
965 459 1042 497 Vix
1063 457 1213 497 versum
1234 469 1358 510 agno-

97 508 206 556 scas,
236 510 305 549 nisi
328 510 373 548 de
401 511 539 549 morbo
569 510 756 558 hominis,
792 510 831 549 &
856 511 1016 561 politico
1048 511 1114 550 illo
1147 512 1361 550 carminum

98 575 239 615 genere
263 564 443 616 paulatim
463 577 485 602 e
502 563 641 602 talibus
656 575 745 603 orto
764 563 963 604 constaret.
985 564 1028 603 In
1039 564 1126 617 ὅρκῳ
1149 578 1181 604 c.
1201 579 1262 611 12,
1284 566 1360 617 pri·

98 630 205 656 mum
238 617 456 657 hexameter
485 616 632 669 pofitus
663 617 743 665 est,
780 627 861 656 tum
896 631 1016 670 pauca
1049 617 1161 671 prosa
1185 619 1360 658 oratione

97 668 260 723 scripta,
288 684 379 710 mox
404 671 524 710 lambi
552 670 763 723 sequuntur
786 672 980 723 quinque,
1007 672 1048 712 δι
1074 671 1264 721 senarius,
1289 671 1359 710 nist

96 725 205 775 quod
231 726 372 777 primus
390 737 455 776 pes
477 736 613 764 contra
638 725 817 764 carminis
829 725 952 778 legem
968 725 1176 766 trochaeus
1199 725 1264 767 est.
1276 726 1359 766 Ali-

99 777 139 817 bi
165 791 198 818 c.
228 779 293 823 16,
317 778 424 826 βιώσῃ
447 778 586 826 καλῶς,
611 779 760 832 inquit,

207 827 303 871 Οὕὲὲ
331 832 365 871 α·’
387 827 465 871 ἐἴκοι
486 832 594 881 &epm
617 833 730 872 τέλος
752 832 929 872 θανάτοιο
949 833 1091 886 κιχείη.

98 885 177 925 Hic
194 885 250 925 bis
275 887 382 924 metri
405 886 505 937 leges
527 885 759 937 migrantur,
786 887 825 926 &
848 899 1064 939 praeterea,
1087 886 1178 940 quid
1200 886 1274 926 hoc
1294 887 1357 926 θέ-

96 953 163 990 μις
178 937 246 977 fibi
264 940 354 978 velit
367 971 378 986 ,
397 952 474 978 non
488 950 664 992 apparet:
685 940 711 978 fi
730 940 830 992 legas
852 941 1032 990 Βέμιστι,
1054 941 1093 980 &
1116 940 1240 980 sensus
1261 954 1360 980 con-

98 993 250 1032 cinnior
274 994 431 1044 paulum
455 995 552 1040 erit,
585 993 625 1032 &
651 1005 812 1033 metrum
842 994 913 1033 hac
939 1005 1045 1046 parte
1067 994 1255 1034 constabit
1277 1008 1358 1033 tne-

98 1046 182 1086 lius.
206 1046 276 1086 Sed
297 1060 344 1086 an
367 1048 418 1085 ita
443 1047 613 1086 voluerit
631 1048 766 1086 anaor
783 1078 794 1095 ‚
817 1061 897 1086 non
919 1048 1086 1087 dixerim.

180 1100 249 1139 Ille
263 1113 296 1140 c.
317 1101 382 1145 18,
404 1101 467 1138 mei
482 1097 597 1150 ἕτερον
610 1100 676 1150 μὲν
692 1100 822 1149 ›cerie-525
840 1101 888 1139 ἑνὶ
903 1102 1044 1152 φρεσὶν,
1062 1103 1158 1141 ἄλλο
1176 1102 1220 1140 ὃὲ
1237 1101 1358 1149 εἴπης,

100 1152 214 1192 semel
242 1165 389 1193 tantum
422 1154 632 1200 claudicat,
658 1154 698 1194 8<
725 1154 847 1208 potest
870 1157 1005 1208 reponi
1026 1185 1039 1202 ‚
1064 1155 1093 1194 si
1113 1166 1260 1194 tantum
1286 1155 1357 1205 μὲν

99 1207 186 1261 post
208 1207 337 1257 κεύσιρς
356 1208 536 1247 colloces.
562 1208 714 1260 Septem
739 1208 896 1261 pedibus
923 1209 1082 1258 incedit,
1105 1223 1137 1248 c.
1165 1223 1210 1259 23
1226 1238 1236 1254 ‚

182 1262 380 1300 Πνειόντων
400 1261 486 1313 ἓὸρυ
511 1262 574 1300 καὶ
594 1263 755 1315 λόγχας
776 1263 840 1300 καὶ
859 1263 1099 1309 λευκολόφους
1115 1263 1359 1313 τριφαλείας,

99 1325 298 1354 truncatus
324 1328 373 1354 ex
394 1315 647 1368 Anapaestico
668 1315 940 1368 Aristophanis.
977 1315 1064 1370 Qui
1091 1317 1191 1356 hunc
1220 1317 1358 1369 proxi-

101 1381 163 1407 me
184 1370 370 1408 antecedit
384 1400 393 1415 ‚

182 1421 370 1476 Θῆγοντες
392 1422 548 1462 essm&
575 1423 665 1462 uem-⁹
686 1422 825 1474 ἀνδρῶν
852 1423 1122 1472 θυμολεόντων,

100 1475 214 1515 semel
239 1477 453 1524 redundat,
482 1477 537 1515 bis
561 1475 696 1517 deficit.
732 1477 896 1516 Claudat
923 1489 1058 1529 agmen
1087 1475 1263 1516 deficiens
1290 1477 1359 1516 tri-

101 1530 173 1568 bus
195 1532 334 1578 moris,
357 1530 419 1583 (ut
443 1543 490 1568 ex
503 1531 625 1570 veteri
647 1531 794 1569 ratione
816 1530 976 1582 loquar,
994 1544 1069 1583 qua
1088 1531 1229 1582 longae
1250 1529 1362 1581 sylla-

102 1583 174 1622 bae
192 1584 271 1623 duo
291 1595 466 1636 tempora
491 1583 515 1622 s.
537 1583 703 1636 χρόνους,
727 1584 835 1623 brevi
853 1597 974 1623 unum
994 1584 1231 1631 tribuebant)
1248 1597 1282 1623 c.
1296 1583 1362 1631 28,

185 1637 290 1677 Μήτε
313 1637 567 1690 παραέρίιμῃς
597 1652 647 1689 ’γε
672 1638 779 1676 ’ποσὶν
802 1637 903 1686 μηδὲ
926 1637 1133 1688 παρέλθοις.

103 1691 143 1729 Si
165 1691 437 1742 παραέριιαέ-ης
457 1705 506 1744 γε
532 1690 717 1730 wasmont
741 1691 861 1742 legas,
887 1703 1010 1731 metro
1031 1691 1104 1730 erit
1122 1689 1359 1737 consultum3

105 1743 286 1784 sententia
308 1755 351 1783 ut
375 1758 453 1784 non
471 1745 514 1783 sit
538 1745 664 1797 inepta
681 1745 720 1783 δι
739 1744 993 1798 ταυτολόγος,
1014 1757 1094 1784 non
1119 1744 1266 1783 efficies.
1292 1745 1362 1783 Ul-

105 1798 186 1837 timi
212 1798 361 1837 iambici
393 1812 507 1851 quam
532 1812 665 1851 parum
688 1798 832 1845 exani,
856 1799 984 1851 quivis
1008 1811 1088 1838 non
1112 1798 1214 1836 rudis
1237 1797 1363 1836 suavi-

107 1853 195 1891 tatis
212 1852 384 1902 poeticae
400 1853 513 1891 videt.
545 1852 679 1904 Quam
703 1851 903 1891 absurdum
925 1852 1014 1891 illud
1039 1851 1083 1890 sit
1098 1883 1107 1900 ‚
1137 1851 1242 1903 quod
1271 1854 1362 1902 poe-

105 1906 188 1945 ticis
202 1906 405 1945 vocabulis
421 1904 722 1957 flexionibusque
736 1936 745 1950 ‚
765 1906 944 1944 omnibus
960 1905 1038 1945 fere
1057 1906 1095 1944 in
1114 1905 1227 1951 locis,
1248 1906 1361 1943 etiam

108 1959 177 1998 ubi
210 1959 339 1998 versus
368 1973 447 1999 non
478 1959 595 2006 facit,
623 1961 747 1998 utitur
777 1959 934 2006 nudor,
965 1959 1068 1998 malo
1092 1972 1138 1998 ex
1166 1958 1280 2008 ipsuis
1303 1959 1362 1996 le-

106 2012 238 2052 &ione'
255 2013 416 2065 dialogi,
442 2014 764 2065 notationumque
784 2012 997 2052 nostrarum
1013 2011 1217 2064 cognosci,
1246 2024 1361 2061 quam

105 2066 289 2106 eiusmodi
316 2066 600 2120 quisquiliarum
627 2067 805 2119 congerie
830 2067 892 2106 hic
920 2066 1097 2106 nauseam
1129 2065 1361 2112 Ιεᾶὶοῑὼιιε,

107 2119 136 2159 fi
159 2121 226 2171 qui
252 2119 412 2165 fuerint,
440 2122 573 2160 creari.
739 2120 741 2122 ’

164 2173 311 2213 XXIV.
336 2174 527 2227 Copiosus
548 2173 684 2212 mirum
707 2183 891 2226 quantum
912 2172 965 2212 est
993 2173 1184 2212 Lucianus
1199 2202 1207 2215 ,
1234 2173 1273 2211 &
1293 2185 1364 2211 va-

109 2227 166 2266 rie
188 2240 302 2267 unam
328 2241 432 2273 rem,
460 2227 487 2266 fi
511 2227 655 2278 saepius
676 2238 872 2272 recurrat,
892 2225 1013 2265 effert.
1041 2227 1114 2265 Hic
1141 2225 1268 2265 noster
1295 2239 1364 2264 au-

110 2291 186 2319 tem
206 2310 218 2327 ,
240 2294 473 2334 quamquam
493 2282 645 2333 copiam
670 2281 835 2333 aliquam
861 2279 1015 2319 affeclat
1029 2311 1039 2328 ‚
1064 2280 1104 2318 δι
1123 2279 1189 2318 sub
1215 2280 1364 2318 initium

110 2333 231 2372 statim
246 2364 258 2379 ,
278 2345 358 2373 tum
387 2336 477 2373 alias
500 2336 615 2374 etiarn
639 2333 841 2386 exergasiis
867 2335 1008 2381 utitur3
1030 2344 1157 2372 tamen
1181 2333 1285 2384 quasi
1310 2332 1365 2371 ef-

110 2386 192 2426 fusa
214 2387 326 2427 semel
353 2390 456 2427 omni
481 2387 722 2440 supelleffili,
744 2400 792 2426 eo
817 2387 969 2426 subinde
996 2387 1148 2438 inopiae
1170 2386 1369 2437 redigitur,

113 2451 157 2480 ut
174 2441 220 2479 ad
237 2453 282 2479 ea
297 2471 308 2487 ,
328 2455 425 2493 quae
447 2440 656 2480 inconsulte
671 2441 779 2481 velut
802 2441 1046 2493 prodegerat,
1068 2453 1261 2478 recurrere
1280 2451 1369 2478 cum

113 2494 302 2537 dedecore
328 2507 429 2550 opus
448 2495 597 2537 habeat.
626 2495 685 2535 Ita
707 2494 800 2535 illud
821 2493 894 2535 ἄνω
920 2494 985 2534 καὶ
1012 2494 1119 2531 κάτω
1144 2492 1377 2546 περιτο-Λεῐῖιῑ,

1002 2546 1132 2599 003
