<?xml version="1.0" encoding="UTF-8"?>
<!DOCTYPE html PUBLIC "-//W3C//DTD XHTML 1.0 Transitional//EN"
    "http://www.w3.org/TR/xhtml1/DTD/xhtml1-transitional.dtd">
<html xmlns="http://www.w3.org/1999/xhtml" xml:lang="en" lang="en">
 <head>
  <title>
</title>
<meta http-equiv="Content-Type" content="text/html;charset=utf-8" />
  <meta name='ocr-system' content='tesseract 3.04.00' />
  <meta name='ocr-capabilities' content='ocr_page ocr_carea ocr_par ocr_line ocrx_word'/>
</head>
<body>
  <div class='ocr_page' id='page_1' title='image "./operagraeceetlat09luciuoft/operagraeceetlat09luciuoft_0597.png"; bbox 0 0 1907 3101; ppageno 0'>
   <div class='ocr_carea' id='block_1_1' title="bbox 241 206 1356 275">
    <p class='ocr_par' dir='ltr' id='par_1_1' title="bbox 241 206 1356 275">
     <span class='ocr_line' id='line_1_1' title="bbox 241 206 1356 275; baseline 0.002 -18"><span class='ocrx_word' id='word_1_1' title='bbox 241 209 476 257; x_wconf 88' lang='lat' dir='ltr'>PHILOP</span> <span class='ocrx_word' id='word_1_2' title='bbox 480 208 730 255; x_wconf 67' lang='lat' dir='ltr'>›xTRIDIS</span> <span class='ocrx_word' id='word_1_3' title='bbox 765 206 1195 256; x_wconf 80' lang='lat' dir='ltr'>DISSERTATIO.</span> <span class='ocrx_word' id='word_1_4' title='bbox 1266 210 1356 275; x_wconf 80' lang='lat'>¹589</span> 
     </span>
    </p>
   </div>
   <div class='ocr_carea' id='block_1_2' title="bbox 91 296 1357 2447">
    <p class='ocr_par' dir='ltr' id='par_1_2' title="bbox 98 296 1355 406">
     <span class='ocr_line' id='line_1_2' title="bbox 99 296 1355 360; baseline 0.003 -25"><span class='ocrx_word' id='word_1_5' title='bbox 99 296 141 336; x_wconf 71' lang='grc' dir='ltr'>δι</span> <span class='ocrx_word' id='word_1_6' title='bbox 163 296 251 336; x_wconf 84' lang='lat' dir='ltr'>nihil</span> <span class='ocrx_word' id='word_1_7' title='bbox 269 300 492 360; x_wconf 87' lang='lat' dir='ltr'>ceteroquin</span> <span class='ocrx_word' id='word_1_8' title='bbox 514 299 579 346; x_wconf 78' lang='lat' dir='ltr'>sit,</span> <span class='ocrx_word' id='word_1_9' title='bbox 596 311 676 352; x_wconf 92' lang='lat' dir='ltr'>quo</span> <span class='ocrx_word' id='word_1_10' title='bbox 693 297 896 346; x_wconf 86' lang='lat' dir='ltr'>sententia,</span> <span class='ocrx_word' id='word_1_11' title='bbox 915 310 1015 350; x_wconf 87' lang='lat' dir='ltr'>quae</span> <span class='ocrx_word' id='word_1_12' title='bbox 1037 297 1112 338; x_wconf 90' lang='lat' dir='ltr'>hoc</span> <span class='ocrx_word' id='word_1_13' title='bbox 1129 298 1247 339; x_wconf 87' lang='lat' dir='ltr'>modo</span> <span class='ocrx_word' id='word_1_14' title='bbox 1262 313 1355 352; x_wconf 83' lang='lat' dir='ltr'>pro-</span> 
     </span>
     <span class='ocr_line' id='line_1_3' title="bbox 98 351 538 406; baseline 0.005 -17"><span class='ocrx_word' id='word_1_15' title='bbox 98 351 236 397; x_wconf 87' lang='lat' dir='ltr'>batur,</span> <span class='ocrx_word' id='word_1_16' title='bbox 262 354 386 392; x_wconf 88' lang='lat' dir='ltr'>everti</span> <span class='ocrx_word' id='word_1_17' title='bbox 414 352 538 406; x_wconf 88' lang='lat' dir='ltr'>poffit</span> 
     </span>
    </p>

    <p class='ocr_par' dir='ltr' id='par_1_3' title="bbox 95 405 1354 1424">
     <span class='ocr_line' id='line_1_4' title="bbox 152 405 1350 459; baseline 0.003 -16"><span class='ocrx_word' id='word_1_18' title='bbox 152 405 294 444; x_wconf 86' lang='lat' dir='ltr'>XXXI.</span> <span class='ocrx_word' id='word_1_19' title='bbox 318 407 440 458; x_wconf 77' lang='lat' dir='ltr'>Igitur</span> <span class='ocrx_word' id='word_1_20' title='bbox 464 406 581 446; x_wconf 88' lang='lat' dir='ltr'>venio</span> <span class='ocrx_word' id='word_1_21' title='bbox 606 406 756 445; x_wconf 87' lang='lat' dir='ltr'>tandem</span> <span class='ocrx_word' id='word_1_22' title='bbox 780 405 825 444; x_wconf 87' lang='lat' dir='ltr'>ad</span> <span class='ocrx_word' id='word_1_23' title='bbox 848 405 1022 445; x_wconf 88' lang='lat' dir='ltr'>ultimum</span> <span class='ocrx_word' id='word_1_24' title='bbox 1051 417 1214 452; x_wconf 81' lang='lat' dir='ltr'>eorum,</span> <span class='ocrx_word' id='word_1_25' title='bbox 1244 420 1350 459; x_wconf 81' lang='lat' dir='ltr'>quae</span> 
     </span>
     <span class='ocr_line' id='line_1_5' title="bbox 99 440 1353 520; baseline 0.003 -24"><span class='ocrx_word' id='word_1_26' title='bbox 99 453 222 498; x_wconf 77' lang='lat' dir='ltr'>dicere</span> <span class='ocrx_word' id='word_1_27' title='bbox 242 460 333 497; x_wconf 86' lang='lat' dir='ltr'>mihi</span> <span class='ocrx_word' id='word_1_28' title='bbox 339 440 651 520; x_wconf 64' lang='lat' dir='ltr'>Cproposueram,</span> <span class='ocrx_word' id='word_1_29' title='bbox 674 470 816 518; x_wconf 78' lang='lat' dir='ltr'>caput,</span> <span class='ocrx_word' id='word_1_30' title='bbox 837 459 975 510; x_wconf 86' lang='lat' dir='ltr'>idque</span> <span class='ocrx_word' id='word_1_31' title='bbox 968 472 1006 497; x_wconf 83' lang='lat' dir='ltr'>in</span> <span class='ocrx_word' id='word_1_32' title='bbox 1029 469 1110 520; x_wconf 76' lang='lat' dir='ltr'>tota</span> <span class='ocrx_word' id='word_1_33' title='bbox 1133 460 1202 499; x_wconf 85' lang='lat' dir='ltr'>hac</span> <span class='ocrx_word' id='word_1_34' title='bbox 1222 461 1353 513; x_wconf 75' lang='lat' dir='ltr'>dilpu-</span> 
     </span>
     <span class='ocr_line' id='line_1_6' title="bbox 97 511 1354 566; baseline 0.005 -17"><span class='ocrx_word' id='word_1_35' title='bbox 97 512 244 550; x_wconf 82' lang='lat' dir='ltr'>tatione</span> <span class='ocrx_word' id='word_1_36' title='bbox 272 514 532 566; x_wconf 84' lang='lat' dir='ltr'>praecipuum.</span> <span class='ocrx_word' id='word_1_37' title='bbox 567 514 715 565; x_wconf 83' lang='lat' dir='ltr'>Nempe</span> <span class='ocrx_word' id='word_1_38' title='bbox 748 512 813 551; x_wconf 82' lang='lat' dir='ltr'>lub</span> <span class='ocrx_word' id='word_1_39' title='bbox 844 513 978 551; x_wconf 87' lang='lat' dir='ltr'>Iuliani</span> <span class='ocrx_word' id='word_1_40' title='bbox 1002 511 1068 550; x_wconf 82' lang='grc' dir='ltr'>τοῦ</span> <span class='ocrx_word' id='word_1_41' title='bbox 1091 513 1126 551; x_wconf 75' lang='grc' dir='ltr'>ὲν</span> <span class='ocrx_word' id='word_1_42' title='bbox 1151 514 1214 552; x_wconf 73' lang='grc' dir='ltr'>ὰΘέ</span> <span class='ocrx_word' id='word_1_43' title='bbox 1199 529 1286 563; x_wconf 79' lang='grc' dir='ltr'>οις,</span> <span class='ocrx_word' id='word_1_44' title='bbox 1308 523 1354 555; x_wconf 81' lang='lat' dir='ltr'>ut</span> 
     </span>
     <span class='ocr_line' id='line_1_7' title="bbox 97 565 1354 628; baseline 0.003 -25"><span class='ocrx_word' id='word_1_45' title='bbox 97 576 244 604; x_wconf 83' lang='lat' dir='ltr'>vocant</span> <span class='ocrx_word' id='word_1_46' title='bbox 271 567 412 616; x_wconf 83' lang='lat' dir='ltr'>nostri,</span> <span class='ocrx_word' id='word_1_47' title='bbox 437 567 498 606; x_wconf 84' lang='lat' dir='ltr'>vel</span> <span class='ocrx_word' id='word_1_48' title='bbox 525 566 760 618; x_wconf 85' lang='lat' dir='ltr'>Apostatae</span> <span class='ocrx_word' id='word_1_49' title='bbox 753 567 938 619; x_wconf 79' lang='lat' dir='ltr'>imperio,</span> <span class='ocrx_word' id='word_1_50' title='bbox 959 565 999 604; x_wconf 72' lang='grc' dir='ltr'>δι</span> <span class='ocrx_word' id='word_1_51' title='bbox 1019 579 1067 605; x_wconf 88' lang='lat' dir='ltr'>eo</span> <span class='ocrx_word' id='word_1_52' title='bbox 1087 566 1239 628; x_wconf 80' lang='lat' dir='ltr'>quidem</span> <span class='ocrx_word' id='word_1_53' title='bbox 1256 579 1354 607; x_wconf 85' lang='lat' dir='ltr'>tem-</span> 
     </span>
     <span class='ocr_line' id='line_1_8' title="bbox 99 618 1351 674; baseline 0.004 -17"><span class='ocrx_word' id='word_1_54' title='bbox 99 631 195 670; x_wconf 83' lang='lat' dir='ltr'>pore</span> <span class='ocrx_word' id='word_1_55' title='bbox 220 618 397 672; x_wconf 86' lang='lat' dir='ltr'>scriptum</span> <span class='ocrx_word' id='word_1_56' title='bbox 420 621 481 660; x_wconf 89' lang='lat' dir='ltr'>aio</span> <span class='ocrx_word' id='word_1_57' title='bbox 503 619 821 674; x_wconf 78' lang='lat' dir='ltr'>Pliilopatridem,</span> <span class='ocrx_word' id='word_1_58' title='bbox 840 633 926 659; x_wconf 88' lang='lat' dir='ltr'>cum</span> <span class='ocrx_word' id='word_1_59' title='bbox 951 620 1115 671; x_wconf 78' lang='lat' dir='ltr'>primum</span> <span class='ocrx_word' id='word_1_60' title='bbox 1132 622 1289 660; x_wconf 88' lang='lat' dir='ltr'>nuntius</span> <span class='ocrx_word' id='word_1_61' title='bbox 1303 624 1351 662; x_wconf 88' lang='lat' dir='ltr'>de</span> 
     </span>
     <span class='ocr_line' id='line_1_9' title="bbox 97 672 1354 726; baseline 0.005 -16"><span class='ocrx_word' id='word_1_62' title='bbox 97 672 197 711; x_wconf 69' lang='lat' dir='ltr'>felici</span> <span class='ocrx_word' id='word_1_63' title='bbox 219 675 472 725; x_wconf 82' lang='lat' dir='ltr'>expeditionis</span> <span class='ocrx_word' id='word_1_64' title='bbox 495 673 658 714; x_wconf 75' lang='lat' dir='ltr'>Persicae</span> <span class='ocrx_word' id='word_1_65' title='bbox 675 673 839 714; x_wconf 88' lang='lat' dir='ltr'>succeflu</span> <span class='ocrx_word' id='word_1_66' title='bbox 861 673 1219 726; x_wconf 84' lang='lat' dir='ltr'>Constantinopolin</span> <span class='ocrx_word' id='word_1_67' title='bbox 1241 674 1354 716; x_wconf 84' lang='lat' dir='ltr'>affer·</span> 
     </span>
     <span class='ocr_line' id='line_1_10' title="bbox 99 726 1357 780; baseline 0.006 -17"><span class='ocrx_word' id='word_1_68' title='bbox 99 737 216 764; x_wconf 87' lang='lat' dir='ltr'>retur.</span> <span class='ocrx_word' id='word_1_69' title='bbox 251 726 443 780; x_wconf 82' lang='lat' dir='ltr'>Scriptum</span> <span class='ocrx_word' id='word_1_70' title='bbox 472 739 598 767; x_wconf 87' lang='lat' dir='ltr'>autem</span> <span class='ocrx_word' id='word_1_71' title='bbox 628 742 648 767; x_wconf 91' lang='lat' dir='ltr'>a</span> <span class='ocrx_word' id='word_1_72' title='bbox 674 727 802 780; x_wconf 83' lang='lat' dir='ltr'>gentili</span> <span class='ocrx_word' id='word_1_73' title='bbox 833 727 1011 775; x_wconf 87' lang='lat' dir='ltr'>homine,</span> <span class='ocrx_word' id='word_1_74' title='bbox 1036 726 1134 766; x_wconf 88' lang='lat' dir='ltr'>forte</span> <span class='ocrx_word' id='word_1_75' title='bbox 1156 728 1357 779; x_wconf 77' lang='lat' dir='ltr'>Luciano‚</span> 
     </span>
     <span class='ocr_line' id='line_1_11' title="bbox 98 762 1354 834; baseline 0.006 -17"><span class='ocrx_word' id='word_1_76' title='bbox 98 779 270 832; x_wconf 84' lang='lat' dir='ltr'>Sophista</span> <span class='ocrx_word' id='word_1_77' title='bbox 291 781 331 819; x_wconf 78' lang='grc' dir='ltr'>δι</span> <span class='ocrx_word' id='word_1_78' title='bbox 350 781 452 834; x_wconf 91' lang='lat' dir='ltr'>ipso,</span> <span class='ocrx_word' id='word_1_79' title='bbox 480 762 697 821; x_wconf 68' lang='lat' dir='ltr'>Lucianeo³³</span> <span class='ocrx_word' id='word_1_80' title='bbox 694 792 793 821; x_wconf 85' lang='lat' dir='ltr'>certe</span> <span class='ocrx_word' id='word_1_81' title='bbox 818 794 945 828; x_wconf 87' lang='lat' dir='ltr'>more,</span> <span class='ocrx_word' id='word_1_82' title='bbox 965 781 1031 833; x_wconf 88' lang='lat' dir='ltr'>qui</span> <span class='ocrx_word' id='word_1_83' title='bbox 1050 781 1354 824; x_wconf 80' lang='lat' dir='ltr'>Christianorum</span> 
     </span>
     <span class='ocr_line' id='line_1_12' title="bbox 98 833 1354 894; baseline 0.004 -22"><span class='ocrx_word' id='word_1_84' title='bbox 98 833 292 872; x_wconf 87' lang='lat' dir='ltr'>ominibus</span> <span class='ocrx_word' id='word_1_85' title='bbox 306 834 698 894; x_wconf 60' lang='lat' dir='ltr'>praedistionibusque</span> <span class='ocrx_word' id='word_1_86' title='bbox 717 834 899 887; x_wconf 78' lang='lat' dir='ltr'>explosis,</span> <span class='ocrx_word' id='word_1_87' title='bbox 912 835 1137 886; x_wconf 83' lang='lat' dir='ltr'>Imperatori</span> <span class='ocrx_word' id='word_1_88' title='bbox 1151 836 1354 877; x_wconf 62' lang='lat' dir='ltr'>victoriam</span> 
     </span>
     <span class='ocr_line' id='line_1_13' title="bbox 100 885 1352 944; baseline 0.006 -20"><span class='ocrx_word' id='word_1_89' title='bbox 100 885 286 925; x_wconf 73' lang='lat' dir='ltr'>Persicam</span> <span class='ocrx_word' id='word_1_90' title='bbox 312 888 544 940; x_wconf 80' lang='lat' dir='ltr'>gratulatus,</span> <span class='ocrx_word' id='word_1_91' title='bbox 567 888 694 928; x_wconf 85' lang='lat' dir='ltr'>felices</span> <span class='ocrx_word' id='word_1_92' title='bbox 721 901 840 941; x_wconf 88' lang='lat' dir='ltr'>porro</span> <span class='ocrx_word' id='word_1_93' title='bbox 862 886 1068 937; x_wconf 89' lang='lat' dir='ltr'>succeffus,</span> <span class='ocrx_word' id='word_1_94' title='bbox 1095 888 1352 944; x_wconf 68' lang='lat' dir='ltr'>vi&amp;oriasque</span> 
     </span>
     <span class='ocr_line' id='line_1_14' title="bbox 97 940 1354 995; baseline 0.005 -17"><span class='ocrx_word' id='word_1_95' title='bbox 97 940 389 982; x_wconf 84' lang='lat' dir='ltr'>innumerabiles</span> <span class='ocrx_word' id='word_1_96' title='bbox 412 954 647 995; x_wconf 88' lang='lat' dir='ltr'>apprecetur</span> <span class='ocrx_word' id='word_1_97' title='bbox 670 942 769 982; x_wconf 88' lang='lat' dir='ltr'>Cum</span> <span class='ocrx_word' id='word_1_98' title='bbox 793 942 956 995; x_wconf 87' lang='lat' dir='ltr'>primum</span> <span class='ocrx_word' id='word_1_99' title='bbox 979 941 1043 981; x_wconf 83' lang='lat' dir='ltr'>ista</span> <span class='ocrx_word' id='word_1_100' title='bbox 1070 954 1157 982; x_wconf 87' lang='lat' dir='ltr'>ante</span> <span class='ocrx_word' id='word_1_101' title='bbox 1171 955 1268 984; x_wconf 83' lang='lat' dir='ltr'>XXV</span> <span class='ocrx_word' id='word_1_102' title='bbox 1284 958 1354 984; x_wconf 85' lang='lat' dir='ltr'>an-</span> 
     </span>
     <span class='ocr_line' id='line_1_15' title="bbox 96 994 1350 1049; baseline 0.004 -17"><span class='ocrx_word' id='word_1_103' title='bbox 96 1006 170 1033; x_wconf 91' lang='lat' dir='ltr'>nos</span> <span class='ocrx_word' id='word_1_104' title='bbox 200 1008 482 1048; x_wconf 85' lang='lat' dir='ltr'>proponerem,</span> <span class='ocrx_word' id='word_1_105' title='bbox 512 994 717 1043; x_wconf 79' lang='lat' dir='ltr'>faciebam,</span> <span class='ocrx_word' id='word_1_106' title='bbox 749 996 852 1049; x_wconf 89' lang='lat' dir='ltr'>quod</span> <span class='ocrx_word' id='word_1_107' title='bbox 889 1006 1049 1035; x_wconf 86' lang='lat' dir='ltr'>aetatem</span> <span class='ocrx_word' id='word_1_108' title='bbox 1082 997 1122 1036; x_wconf 81' lang='lat'>&amp;</span> <span class='ocrx_word' id='word_1_109' title='bbox 1151 999 1350 1041; x_wconf 79' lang='lat' dir='ltr'>conditio-</span> 
     </span>
     <span class='ocr_line' id='line_1_16' title="bbox 95 1050 1354 1105; baseline 0.006 -20"><span class='ocrx_word' id='word_1_110' title='bbox 95 1060 183 1086; x_wconf 90' lang='lat' dir='ltr'>nem</span> <span class='ocrx_word' id='word_1_111' title='bbox 204 1061 326 1087; x_wconf 86' lang='lat' dir='ltr'>meam</span> <span class='ocrx_word' id='word_1_112' title='bbox 342 1050 519 1095; x_wconf 81' lang='lat' dir='ltr'>decebat,</span> <span class='ocrx_word' id='word_1_113' title='bbox 534 1052 592 1089; x_wconf 89' lang='lat' dir='ltr'>uti</span> <span class='ocrx_word' id='word_1_114' title='bbox 608 1051 828 1102; x_wconf 82' lang='lat' dir='ltr'>deprecarer</span> <span class='ocrx_word' id='word_1_115' title='bbox 847 1050 1029 1088; x_wconf 84' lang='lat' dir='ltr'>invidiam</span> <span class='ocrx_word' id='word_1_116' title='bbox 1051 1051 1231 1090; x_wconf 82' lang='lat' dir='ltr'>novitatis</span> <span class='ocrx_word' id='word_1_117' title='bbox 1248 1051 1354 1105; x_wconf 57' lang='lat' dir='ltr'>aput!</span> 
     </span>
     <span class='ocr_line' id='line_1_17' title="bbox 95 1101 1351 1156; baseline 0.002 -17"><span class='ocrx_word' id='word_1_118' title='bbox 95 1101 349 1154; x_wconf 86' lang='lat' dir='ltr'>Theologos‚</span> <span class='ocrx_word' id='word_1_119' title='bbox 382 1105 449 1156; x_wconf 92' lang='lat' dir='ltr'>qui</span> <span class='ocrx_word' id='word_1_120' title='bbox 475 1104 586 1143; x_wconf 78' lang='lat' dir='ltr'>fidem</span> <span class='ocrx_word' id='word_1_121' title='bbox 612 1104 738 1143; x_wconf 89' lang='lat' dir='ltr'>Ante·</span> <span class='ocrx_word' id='word_1_122' title='bbox 751 1104 938 1143; x_wconf 88' lang='lat' dir='ltr'>Nicenam</span> <span class='ocrx_word' id='word_1_123' title='bbox 966 1103 1085 1143; x_wconf 79' lang='lat' dir='ltr'>{olent</span> <span class='ocrx_word' id='word_1_124' title='bbox 1107 1117 1154 1144; x_wconf 83' lang='lat' dir='ltr'>ex</span> <span class='ocrx_word' id='word_1_125' title='bbox 1178 1105 1251 1146; x_wconf 87' lang='lat' dir='ltr'>hoc</span> <span class='ocrx_word' id='word_1_126' title='bbox 1275 1107 1351 1146; x_wconf 85' lang='lat' dir='ltr'>dia-</span> 
     </span>
     <span class='ocr_line' id='line_1_18' title="bbox 95 1154 1348 1210; baseline 0.005 -16"><span class='ocrx_word' id='word_1_127' title='bbox 95 1154 188 1207; x_wconf 83' lang='lat' dir='ltr'>logo</span> <span class='ocrx_word' id='word_1_128' title='bbox 214 1156 421 1196; x_wconf 85' lang='lat' dir='ltr'>ostendere.</span> <span class='ocrx_word' id='word_1_129' title='bbox 459 1158 547 1196; x_wconf 91' lang='lat' dir='ltr'>Hoc</span> <span class='ocrx_word' id='word_1_130' title='bbox 579 1156 655 1196; x_wconf 84' lang='lat' dir='ltr'>iam</span> <span class='ocrx_word' id='word_1_131' title='bbox 678 1170 776 1210; x_wconf 90' lang='lat' dir='ltr'>opus</span> <span class='ocrx_word' id='word_1_132' title='bbox 797 1156 870 1196; x_wconf 86' lang='lat' dir='ltr'>effe</span> <span class='ocrx_word' id='word_1_133' title='bbox 902 1170 980 1196; x_wconf 90' lang='lat' dir='ltr'>non</span> <span class='ocrx_word' id='word_1_134' title='bbox 1011 1159 1222 1210; x_wconf 83' lang='lat' dir='ltr'>puro.Nis1</span> <span class='ocrx_word' id='word_1_135' title='bbox 1246 1161 1348 1200; x_wconf 84' lang='lat' dir='ltr'>enim</span> 
     </span>
     <span class='ocr_line' id='line_1_19' title="bbox 96 1210 1351 1266; baseline 0.006 -19"><span class='ocrx_word' id='word_1_136' title='bbox 96 1210 202 1248; x_wconf 61' lang='lat' dir='ltr'>actus</span> <span class='ocrx_word' id='word_1_137' title='bbox 228 1220 287 1249; x_wconf 90' lang='lat' dir='ltr'>tot</span> <span class='ocrx_word' id='word_1_138' title='bbox 316 1212 424 1250; x_wconf 87' lang='lat' dir='ltr'>annis</span> <span class='ocrx_word' id='word_1_139' title='bbox 456 1211 613 1251; x_wconf 91' lang='lat' dir='ltr'>docendi</span> <span class='ocrx_word' id='word_1_140' title='bbox 646 1211 684 1251; x_wconf 72' lang='lat' dir='ltr'>&lt;Sc</span> <span class='ocrx_word' id='word_1_141' title='bbox 718 1211 876 1250; x_wconf 87' lang='lat' dir='ltr'>vivendi</span> <span class='ocrx_word' id='word_1_142' title='bbox 904 1221 1015 1250; x_wconf 89' lang='lat' dir='ltr'>tenor</span> <span class='ocrx_word' id='word_1_143' title='bbox 1043 1224 1104 1250; x_wconf 90' lang='lat' dir='ltr'>me</span> <span class='ocrx_word' id='word_1_144' title='bbox 1130 1216 1351 1266; x_wconf 82' lang='lat' dir='ltr'>purgaverit</span> 
     </span>
     <span class='ocr_line' id='line_1_20' title="bbox 96 1261 1351 1317; baseline 0.006 -17"><span class='ocrx_word' id='word_1_145' title='bbox 96 1261 183 1308; x_wconf 82' lang='lat' dir='ltr'>his,</span> <span class='ocrx_word' id='word_1_146' title='bbox 210 1264 346 1315; x_wconf 88' lang='lat' dir='ltr'>quibus</span> <span class='ocrx_word' id='word_1_147' title='bbox 370 1277 431 1304; x_wconf 90' lang='lat' dir='ltr'>me</span> <span class='ocrx_word' id='word_1_148' title='bbox 458 1265 610 1317; x_wconf 88' lang='lat' dir='ltr'>probari</span> <span class='ocrx_word' id='word_1_149' title='bbox 636 1275 811 1316; x_wconf 86' lang='lat' dir='ltr'>oportet,</span> <span class='ocrx_word' id='word_1_150' title='bbox 844 1264 978 1303; x_wconf 75' lang='lat' dir='ltr'>flustra</span> <span class='ocrx_word' id='word_1_151' title='bbox 1002 1267 1154 1304; x_wconf 86' lang='lat' dir='ltr'>veniam</span> <span class='ocrx_word' id='word_1_152' title='bbox 1184 1267 1351 1306; x_wconf 87' lang='lat' dir='ltr'>mellitis-</span> 
     </span>
     <span class='ocr_line' id='line_1_21' title="bbox 95 1293 1349 1372; baseline 0.006 -18"><span class='ocrx_word' id='word_1_153' title='bbox 95 1293 194 1355; x_wconf 62' lang='lat' dir='ltr'>simi&#39;s</span> <span class='ocrx_word' id='word_1_154' title='bbox 214 1318 325 1356; x_wconf 88' lang='lat' dir='ltr'>etiam</span> <span class='ocrx_word' id='word_1_155' title='bbox 343 1319 468 1357; x_wconf 87' lang='lat' dir='ltr'>verbis</span> <span class='ocrx_word' id='word_1_156' title='bbox 485 1318 682 1371; x_wconf 87' lang='lat' dir='ltr'>postulem.</span> <span class='ocrx_word' id='word_1_157' title='bbox 713 1318 851 1371; x_wconf 87' lang='lat' dir='ltr'>Quare</span> <span class='ocrx_word' id='word_1_158' title='bbox 876 1317 999 1357; x_wconf 81' lang='lat' dir='ltr'>statim</span> <span class='ocrx_word' id='word_1_159' title='bbox 1020 1321 1065 1358; x_wconf 87' lang='lat' dir='ltr'>ad</span> <span class='ocrx_word' id='word_1_160' title='bbox 1081 1321 1317 1372; x_wconf 82' lang='lat' dir='ltr'>probandum</span> <span class='ocrx_word' id='word_1_161' title='bbox 1331 1351 1349 1370; x_wconf 92' lang='lat'>,</span> 
     </span>
     <span class='ocr_line' id='line_1_22' title="bbox 96 1369 650 1424; baseline 0.004 -16"><span class='ocrx_word' id='word_1_162' title='bbox 96 1371 201 1422; x_wconf 91' lang='lat' dir='ltr'>quod</span> <span class='ocrx_word' id='word_1_163' title='bbox 220 1369 388 1424; x_wconf 80' lang='lat' dir='ltr'>suscepi,</span> <span class='ocrx_word' id='word_1_164' title='bbox 418 1373 650 1424; x_wconf 88' lang='lat' dir='ltr'>progrediar.</span> 
     </span>
    </p>

    <p class='ocr_par' dir='ltr' id='par_1_4' title="bbox 91 1424 1353 2447">
     <span class='ocr_line' id='line_1_23' title="bbox 149 1424 1353 1480; baseline 0.006 -17"><span class='ocrx_word' id='word_1_165' title='bbox 149 1424 308 1463; x_wconf 87' lang='lat' dir='ltr'>XXXII.</span> <span class='ocrx_word' id='word_1_166' title='bbox 337 1425 501 1465; x_wconf 87' lang='lat' dir='ltr'>Primum</span> <span class='ocrx_word' id='word_1_167' title='bbox 532 1436 659 1465; x_wconf 85' lang='lat' dir='ltr'>autem</span> <span class='ocrx_word' id='word_1_168' title='bbox 688 1425 777 1465; x_wconf 85' lang='lat' dir='ltr'>illud</span> <span class='ocrx_word' id='word_1_169' title='bbox 803 1424 1006 1465; x_wconf 74' lang='lat' dir='ltr'>meminisse</span> <span class='ocrx_word' id='word_1_170' title='bbox 1030 1437 1091 1471; x_wconf 92' lang='lat' dir='ltr'>te,</span> <span class='ocrx_word' id='word_1_171' title='bbox 1118 1426 1168 1466; x_wconf 88' lang='lat' dir='ltr'>mi</span> <span class='ocrx_word' id='word_1_172' title='bbox 1188 1428 1353 1480; x_wconf 69' lang='lat' dir='ltr'>Le&amp;or;</span> 
     </span>
     <span class='ocr_line' id='line_1_24' title="bbox 95 1477 1348 1531; baseline 0.006 -15"><span class='ocrx_word' id='word_1_173' title='bbox 95 1478 234 1526; x_wconf 89' lang='lat' dir='ltr'>velim,</span> <span class='ocrx_word' id='word_1_174' title='bbox 256 1477 367 1531; x_wconf 87' lang='lat' dir='ltr'>supra</span> <span class='ocrx_word' id='word_1_175' title='bbox 395 1480 590 1531; x_wconf 78' lang='lat' dir='ltr'>probabile</span> <span class='ocrx_word' id='word_1_176' title='bbox 615 1480 819 1518; x_wconf 76' lang='lat' dir='ltr'>admodum</span> <span class='ocrx_word' id='word_1_177' title='bbox 842 1479 982 1519; x_wconf 55' lang='lat' dir='ltr'>fastum</span> <span class='ocrx_word' id='word_1_178' title='bbox 1009 1493 1029 1519; x_wconf 88' lang='lat' dir='ltr'>a</span> <span class='ocrx_word' id='word_1_179' title='bbox 1058 1481 1167 1520; x_wconf 88' lang='lat' dir='ltr'>nobis</span> <span class='ocrx_word' id='word_1_180' title='bbox 1186 1482 1281 1528; x_wconf 77' lang='lat' dir='ltr'>effe,</span> <span class='ocrx_word' id='word_1_181' title='bbox 1306 1484 1348 1523; x_wconf 85' lang='lat' dir='ltr'>in</span> 
     </span>
     <span class='ocr_line' id='line_1_25' title="bbox 93 1530 1345 1588; baseline 0.006 -19"><span class='ocrx_word' id='word_1_182' title='bbox 93 1530 334 1570; x_wconf 85' lang='lat' dir='ltr'>Constantini</span> <span class='ocrx_word' id='word_1_183' title='bbox 357 1533 469 1581; x_wconf 85' lang='lat' dir='ltr'>urbe,</span> <span class='ocrx_word' id='word_1_184' title='bbox 495 1547 592 1586; x_wconf 88' lang='lat' dir='ltr'>quae</span> <span class='ocrx_word' id='word_1_185' title='bbox 616 1535 690 1572; x_wconf 90' lang='lat' dir='ltr'>iam</span> <span class='ocrx_word' id='word_1_186' title='bbox 718 1543 799 1572; x_wconf 89' lang='lat' dir='ltr'>tum</span> <span class='ocrx_word' id='word_1_187' title='bbox 828 1533 878 1572; x_wconf 86' lang='lat' dir='ltr'>ita</span> <span class='ocrx_word' id='word_1_188' title='bbox 900 1544 1127 1583; x_wconf 85' lang='lat' dir='ltr'>vocaretur,</span> <span class='ocrx_word' id='word_1_189' title='bbox 1159 1534 1345 1588; x_wconf 90' lang='lat' dir='ltr'>scriptum</span> 
     </span>
     <span class='ocr_line' id='line_1_26' title="bbox 95 1583 1348 1640; baseline 0.006 -17"><span class='ocrx_word' id='word_1_190' title='bbox 95 1583 169 1624; x_wconf 79' lang='lat' dir='ltr'>effe</span> <span class='ocrx_word' id='word_1_191' title='bbox 192 1585 493 1638; x_wconf 87' lang='lat' dir='ltr'>Philopatridem.</span> <span class='ocrx_word' id='word_1_192' title='bbox 515 1588 626 1626; x_wconf 91' lang='lat' dir='ltr'>Nunc</span> <span class='ocrx_word' id='word_1_193' title='bbox 645 1586 853 1626; x_wconf 88' lang='lat' dir='ltr'>addendum</span> <span class='ocrx_word' id='word_1_194' title='bbox 876 1587 949 1626; x_wconf 90' lang='lat' dir='ltr'>hoc</span> <span class='ocrx_word' id='word_1_195' title='bbox 967 1587 1043 1634; x_wconf 86' lang='lat' dir='ltr'>est,</span> <span class='ocrx_word' id='word_1_196' title='bbox 1065 1601 1260 1640; x_wconf 85' lang='lat' dir='ltr'>nunquam</span> <span class='ocrx_word' id='word_1_197' title='bbox 1282 1604 1348 1630; x_wconf 85' lang='lat' dir='ltr'>au-</span> 
     </span>
     <span class='ocr_line' id='line_1_27' title="bbox 94 1636 1348 1696; baseline 0.007 -20"><span class='ocrx_word' id='word_1_198' title='bbox 94 1636 222 1678; x_wconf 88' lang='lat' dir='ltr'>surum</span> <span class='ocrx_word' id='word_1_199' title='bbox 250 1638 353 1678; x_wconf 80' lang='lat' dir='ltr'>fuiffe</span> <span class='ocrx_word' id='word_1_200' title='bbox 383 1641 558 1692; x_wconf 86' lang='lat' dir='ltr'>gentilem</span> <span class='ocrx_word' id='word_1_201' title='bbox 584 1641 806 1686; x_wconf 85' lang='lat' dir='ltr'>hominem,</span> <span class='ocrx_word' id='word_1_202' title='bbox 835 1639 1053 1680; x_wconf 76' lang='lat' dir='ltr'>ChristIano</span> <span class='ocrx_word' id='word_1_203' title='bbox 1083 1641 1348 1696; x_wconf 77' lang='lat' dir='ltr'>Imperatore,</span> 
     </span>
     <span class='ocr_line' id='line_1_28' title="bbox 96 1693 1348 1746; baseline 0.006 -16"><span class='ocrx_word' id='word_1_204' title='bbox 96 1694 231 1733; x_wconf 85' lang='lat' dir='ltr'>acerbe</span> <span class='ocrx_word' id='word_1_205' title='bbox 256 1694 351 1732; x_wconf 77' lang='lat' dir='ltr'>adeo</span> <span class='ocrx_word' id='word_1_206' title='bbox 372 1694 629 1741; x_wconf 87' lang='lat' dir='ltr'>Christianos,</span> <span class='ocrx_word' id='word_1_207' title='bbox 655 1695 693 1734; x_wconf 73' lang='grc' dir='ltr'>δι</span> <span class='ocrx_word' id='word_1_208' title='bbox 710 1693 912 1746; x_wconf 80' lang='lat' dir='ltr'>scripturas</span> <span class='ocrx_word' id='word_1_209' title='bbox 933 1695 1115 1734; x_wconf 85' lang='lat' dir='ltr'>divinitus</span> <span class='ocrx_word' id='word_1_210' title='bbox 1138 1696 1247 1736; x_wconf 88' lang='lat' dir='ltr'>nobis</span> <span class='ocrx_word' id='word_1_211' title='bbox 1268 1708 1348 1737; x_wconf 91' lang='lat' dir='ltr'>tra-</span> 
     </span>
     <span class='ocr_line' id='line_1_29' title="bbox 93 1745 1345 1802; baseline 0.005 -17"><span class='ocrx_word' id='word_1_212' title='bbox 93 1745 190 1785; x_wconf 85' lang='lat' dir='ltr'>ditas</span> <span class='ocrx_word' id='word_1_213' title='bbox 210 1747 429 1795; x_wconf 88' lang='lat' dir='ltr'>traducere,</span> <span class='ocrx_word' id='word_1_214' title='bbox 446 1748 486 1787; x_wconf 85' lang='lat'>&amp;</span> <span class='ocrx_word' id='word_1_215' title='bbox 503 1748 709 1787; x_wconf 89' lang='lat' dir='ltr'>deridiculo</span> <span class='ocrx_word' id='word_1_216' title='bbox 729 1747 1078 1801; x_wconf 58' lang='lat' dir='ltr'>deleffiamentoque</span> <span class='ocrx_word' id='word_1_217' title='bbox 1094 1748 1161 1788; x_wconf 83' lang='lat' dir='ltr'>fibi</span> <span class='ocrx_word' id='word_1_218' title='bbox 1184 1751 1345 1802; x_wconf 86' lang='lat' dir='ltr'>habere,</span> 
     </span>
     <span class='ocr_line' id='line_1_30' title="bbox 95 1779 1344 1859; baseline 0.005 -21"><span class='ocrx_word' id='word_1_219' title='bbox 95 1812 140 1838; x_wconf 90' lang='lat' dir='ltr'>ac</span> <span class='ocrx_word' id='word_1_220' title='bbox 162 1800 248 1840; x_wconf 87' lang='lat' dir='ltr'>fecit</span> <span class='ocrx_word' id='word_1_221' title='bbox 266 1802 376 1840; x_wconf 86' lang='lat' dir='ltr'>huius</span> <span class='ocrx_word' id='word_1_222' title='bbox 395 1779 531 1854; x_wconf 83' lang='lat' dir='ltr'>dialogi</span> <span class='ocrx_word' id='word_1_223' title='bbox 556 1802 701 1841; x_wconf 58' lang='lat' dir='ltr'>audior.</span> <span class='ocrx_word' id='word_1_224' title='bbox 725 1802 828 1842; x_wconf 88' lang='lat' dir='ltr'>Licet</span> <span class='ocrx_word' id='word_1_225' title='bbox 846 1815 943 1840; x_wconf 85' lang='lat' dir='ltr'>enim</span> <span class='ocrx_word' id='word_1_226' title='bbox 965 1815 1044 1841; x_wconf 85' lang='lat' dir='ltr'>non</span> <span class='ocrx_word' id='word_1_227' title='bbox 1065 1803 1105 1841; x_wconf 88' lang='lat' dir='ltr'>vi</span> <span class='ocrx_word' id='word_1_228' title='bbox 1119 1814 1235 1856; x_wconf 85' lang='lat' dir='ltr'>atque</span> <span class='ocrx_word' id='word_1_229' title='bbox 1256 1804 1344 1859; x_wconf 88' lang='lat' dir='ltr'>sup-</span> 
     </span>
     <span class='ocr_line' id='line_1_31' title="bbox 94 1836 1344 1908; baseline 0.005 -16"><span class='ocrx_word' id='word_1_230' title='bbox 94 1853 213 1905; x_wconf 84' lang='lat' dir='ltr'>pliciis</span> <span class='ocrx_word' id='word_1_231' title='bbox 238 1856 277 1893; x_wconf 89' lang='lat' dir='ltr'>in</span> <span class='ocrx_word' id='word_1_232' title='bbox 304 1856 485 1906; x_wconf 83' lang='lat' dir='ltr'>gentiles,</span> <span class='ocrx_word' id='word_1_233' title='bbox 495 1836 540 1894; x_wconf 57' lang='grc' dir='ltr'>οῦ</span> <span class='ocrx_word' id='word_1_234' title='bbox 560 1856 686 1908; x_wconf 85' lang='lat' dir='ltr'>quiete</span> <span class='ocrx_word' id='word_1_235' title='bbox 711 1855 799 1894; x_wconf 86' lang='lat' dir='ltr'>alias</span> <span class='ocrx_word' id='word_1_236' title='bbox 817 1854 853 1894; x_wconf 92' lang='lat' dir='ltr'>se</span> <span class='ocrx_word' id='word_1_237' title='bbox 878 1866 1074 1907; x_wconf 86' lang='lat' dir='ltr'>gererent,</span> <span class='ocrx_word' id='word_1_238' title='bbox 1100 1858 1344 1898; x_wconf 82' lang='lat' dir='ltr'>animadver-</span> 
     </span>
     <span class='ocr_line' id='line_1_32' title="bbox 94 1908 1342 1969; baseline 0.008 -25"><span class='ocrx_word' id='word_1_239' title='bbox 94 1908 208 1946; x_wconf 89' lang='lat' dir='ltr'>terint</span> <span class='ocrx_word' id='word_1_240' title='bbox 230 1908 390 1948; x_wconf 72' lang='grc' dir='ltr'>Γειηᾶὲευη</span> <span class='ocrx_word' id='word_1_241' title='bbox 422 1909 586 1948; x_wconf 87' lang='lat' dir='ltr'>nostram</span> <span class='ocrx_word' id='word_1_242' title='bbox 612 1910 723 1948; x_wconf 86' lang='lat' dir='ltr'>fidem</span> <span class='ocrx_word' id='word_1_243' title='bbox 748 1909 908 1960; x_wconf 83' lang='lat' dir='ltr'>amplexi</span> <span class='ocrx_word' id='word_1_244' title='bbox 934 1909 1186 1969; x_wconf 86' lang='lat' dir='ltr'>Imperatores</span> <span class='ocrx_word' id='word_1_245' title='bbox 1213 1923 1250 1960; x_wconf 89' lang='lat'>1,</span> <span class='ocrx_word' id='word_1_246' title='bbox 1272 1914 1342 1954; x_wconf 75' lang='lat' dir='ltr'>vix</span> 
     </span>
     <span class='ocr_line' id='line_1_33' title="bbox 93 1962 1344 2024; baseline 0.006 -25"><span class='ocrx_word' id='word_1_247' title='bbox 93 1971 221 2000; x_wconf 86' lang='lat' dir='ltr'>tamen</span> <span class='ocrx_word' id='word_1_248' title='bbox 240 1963 276 2002; x_wconf 94' lang='lat' dir='ltr'>id</span> <span class='ocrx_word' id='word_1_249' title='bbox 297 1962 471 2002; x_wconf 89' lang='lat' dir='ltr'>videntur</span> <span class='ocrx_word' id='word_1_250' title='bbox 492 1963 596 2002; x_wconf 84' lang='lat' dir='ltr'>fuiffe</span> <span class='ocrx_word' id='word_1_251' title='bbox 619 1963 776 2024; x_wconf 82' lang='lat' dir='ltr'>paffuri,</span> <span class='ocrx_word' id='word_1_252' title='bbox 802 1974 844 2002; x_wconf 89' lang='lat' dir='ltr'>ut</span> <span class='ocrx_word' id='word_1_253' title='bbox 867 1974 994 2015; x_wconf 86' lang='lat' dir='ltr'>aperte</span> <span class='ocrx_word' id='word_1_254' title='bbox 1014 1977 1097 2015; x_wconf 83' lang='lat' dir='ltr'>quis</span> <span class='ocrx_word' id='word_1_255' title='bbox 1124 1965 1223 2004; x_wconf 88' lang='lat' dir='ltr'>illam</span> <span class='ocrx_word' id='word_1_256' title='bbox 1246 1980 1344 2006; x_wconf 85' lang='lat' dir='ltr'>con·</span> 
     </span>
     <span class='ocr_line' id='line_1_34' title="bbox 93 2015 1341 2069; baseline 0.005 -16"><span class='ocrx_word' id='word_1_257' title='bbox 93 2015 204 2054; x_wconf 89' lang='lat' dir='ltr'>viciis</span> <span class='ocrx_word' id='word_1_258' title='bbox 229 2015 492 2068; x_wconf 88' lang='lat' dir='ltr'>proscinderet.</span> <span class='ocrx_word' id='word_1_259' title='bbox 517 2017 553 2056; x_wconf 88' lang='lat' dir='ltr'>Si</span> <span class='ocrx_word' id='word_1_260' title='bbox 571 2019 669 2056; x_wconf 89' lang='lat' dir='ltr'>enim</span> <span class='ocrx_word' id='word_1_261' title='bbox 694 2017 829 2069; x_wconf 86' lang='lat' dir='ltr'>capital</span> <span class='ocrx_word' id='word_1_262' title='bbox 848 2016 921 2056; x_wconf 76' lang='lat' dir='ltr'>esse</span> <span class='ocrx_word' id='word_1_263' title='bbox 947 2016 1127 2056; x_wconf 70' lang='lat' dir='ltr'>iusserunt</span> <span class='ocrx_word' id='word_1_264' title='bbox 1151 2018 1341 2059; x_wconf 83' lang='lat' dir='ltr'>Constan-</span> 
     </span>
     <span class='ocr_line' id='line_1_35' title="bbox 93 2068 1340 2123; baseline 0.006 -17"><span class='ocrx_word' id='word_1_265' title='bbox 93 2068 192 2115; x_wconf 89' lang='lat' dir='ltr'>tius,</span> <span class='ocrx_word' id='word_1_266' title='bbox 218 2070 748 2122; x_wconf 79' lang='lat' dir='ltr'>Theodofius‚1mperatores</span> <span class='ocrx_word' id='word_1_267' title='bbox 772 2071 853 2118; x_wconf 87' lang='lat' dir='ltr'>alii,</span> <span class='ocrx_word' id='word_1_268' title='bbox 876 2070 903 2108; x_wconf 87' lang='lat' dir='ltr'>fi</span> <span class='ocrx_word' id='word_1_269' title='bbox 922 2072 1007 2121; x_wconf 86' lang='lat' dir='ltr'>quis</span> <span class='ocrx_word' id='word_1_270' title='bbox 1030 2071 1157 2123; x_wconf 85' lang='lat' dir='ltr'>gentili</span> <span class='ocrx_word' id='word_1_271' title='bbox 1177 2074 1255 2112; x_wconf 85' lang='lat' dir='ltr'>ritu</span> <span class='ocrx_word' id='word_1_272' title='bbox 1282 2074 1340 2113; x_wconf 89' lang='lat' dir='ltr'>sa-</span> 
     </span>
     <span class='ocr_line' id='line_1_36' title="bbox 92 2122 1342 2186; baseline 0.005 -25"><span class='ocrx_word' id='word_1_273' title='bbox 92 2122 300 2170; x_wconf 84' lang='lat' dir='ltr'>crificaret,</span> <span class='ocrx_word' id='word_1_274' title='bbox 332 2136 398 2163; x_wconf 79' lang='lat' dir='ltr'>aut</span> <span class='ocrx_word' id='word_1_275' title='bbox 419 2123 692 2176; x_wconf 83' lang='lat' dir='ltr'>haruspicinam</span> <span class='ocrx_word' id='word_1_276' title='bbox 713 2136 905 2163; x_wconf 86' lang='lat' dir='ltr'>exerceret</span> <span class='ocrx_word' id='word_1_277' title='bbox 927 2134 970 2171; x_wconf 80' lang='lat'>23</span> <span class='ocrx_word' id='word_1_278' title='bbox 993 2124 1020 2162; x_wconf 85' lang='lat' dir='ltr'>fi</span> <span class='ocrx_word' id='word_1_279' title='bbox 1042 2127 1164 2186; x_wconf 84' lang='lat' dir='ltr'>capite</span> <span class='ocrx_word' id='word_1_280' title='bbox 1183 2128 1342 2179; x_wconf 89' lang='lat' dir='ltr'>punien-</span> 
     </span>
     <span class='ocr_line' id='line_1_37' title="bbox 92 2175 1338 2231; baseline 0.006 -17"><span class='ocrx_word' id='word_1_281' title='bbox 92 2175 183 2215; x_wconf 88' lang='lat' dir='ltr'>dum</span> <span class='ocrx_word' id='word_1_282' title='bbox 207 2177 385 2217; x_wconf 89' lang='lat' dir='ltr'>censuere</span> <span class='ocrx_word' id='word_1_283' title='bbox 397 2177 590 2218; x_wconf 87' lang='lat' dir='ltr'>Theodos</span> <span class='ocrx_word' id='word_1_284' title='bbox 594 2191 637 2217; x_wconf 84' lang='lat' dir='ltr'>us</span> <span class='ocrx_word' id='word_1_285' title='bbox 659 2178 699 2217; x_wconf 72' lang='grc' dir='ltr'>δι</span> <span class='ocrx_word' id='word_1_286' title='bbox 714 2179 1007 2217; x_wconf 86' lang='lat' dir='ltr'>Valentinianus</span> <span class='ocrx_word' id='word_1_287' title='bbox 1032 2189 1074 2226; x_wconf 81' lang='lat'>3,</span> <span class='ocrx_word' id='word_1_288' title='bbox 1095 2179 1162 2231; x_wconf 88' lang='lat' dir='ltr'>qui</span> <span class='ocrx_word' id='word_1_289' title='bbox 1183 2179 1338 2221; x_wconf 87' lang='lat' dir='ltr'>servum</span> 
     </span>
     <span class='ocr_line' id='line_1_38' title="bbox 91 2228 1340 2282; baseline 0.006 -15"><span class='ocrx_word' id='word_1_290' title='bbox 91 2228 156 2268; x_wconf 88' lang='lat' dir='ltr'>seu</span> <span class='ocrx_word' id='word_1_291' title='bbox 184 2230 418 2282; x_wconf 83' lang='lat' dir='ltr'>ingenuum,</span> <span class='ocrx_word' id='word_1_292' title='bbox 444 2233 608 2271; x_wconf 88' lang='lat' dir='ltr'>invitum</span> <span class='ocrx_word' id='word_1_293' title='bbox 631 2231 694 2271; x_wconf 91' lang='lat' dir='ltr'>seu</span> <span class='ocrx_word' id='word_1_294' title='bbox 716 2230 885 2271; x_wconf 79' lang='lat' dir='ltr'>suasione</span> <span class='ocrx_word' id='word_1_295' title='bbox 908 2245 956 2272; x_wconf 81' lang='lat' dir='ltr'>ex</span> <span class='ocrx_word' id='word_1_296' title='bbox 980 2233 1085 2272; x_wconf 90' lang='lat' dir='ltr'>cultu</span> <span class='ocrx_word' id='word_1_297' title='bbox 1102 2232 1340 2275; x_wconf 83' lang='lat' dir='ltr'>Christianae</span> 
     </span>
     <span class='ocr_line' id='line_1_39' title="bbox 92 2284 1338 2340; baseline 0.006 -19"><span class='ocrx_word' id='word_1_298' title='bbox 92 2284 287 2335; x_wconf 88' lang='lat' dir='ltr'>religionis</span> <span class='ocrx_word' id='word_1_299' title='bbox 320 2286 357 2324; x_wconf 91' lang='lat' dir='ltr'>in</span> <span class='ocrx_word' id='word_1_300' title='bbox 386 2284 583 2325; x_wconf 85' lang='lat' dir='ltr'>nefandam</span> <span class='ocrx_word' id='word_1_301' title='bbox 611 2284 745 2324; x_wconf 57' lang='lat' dir='ltr'>sestam</span> <span class='ocrx_word' id='word_1_302' title='bbox 779 2286 944 2326; x_wconf 89' lang='lat' dir='ltr'>ritumve</span> <span class='ocrx_word' id='word_1_303' title='bbox 978 2285 1217 2326; x_wconf 79' lang='lat' dir='ltr'>traduxisset:</span> <span class='ocrx_word' id='word_1_304' title='bbox 1245 2290 1338 2340; x_wconf 85' lang='lat' dir='ltr'>quid</span> 
     </span>
     <span class='ocr_line' id='line_1_40' title="bbox 91 2338 1338 2391; baseline 0.006 -17"><span class='ocrx_word' id='word_1_305' title='bbox 91 2347 269 2388; x_wconf 86' lang='lat' dir='ltr'>putemus</span> <span class='ocrx_word' id='word_1_306' title='bbox 294 2339 348 2378; x_wconf 91' lang='lat' dir='ltr'>illi</span> <span class='ocrx_word' id='word_1_307' title='bbox 371 2338 533 2387; x_wconf 56' lang='lat' dir='ltr'>facium,</span> <span class='ocrx_word' id='word_1_308' title='bbox 557 2339 621 2391; x_wconf 91' lang='lat' dir='ltr'>qui</span> <span class='ocrx_word' id='word_1_309' title='bbox 642 2351 807 2391; x_wconf 86' lang='lat' dir='ltr'>apertam</span> <span class='ocrx_word' id='word_1_310' title='bbox 824 2341 919 2379; x_wconf 83' lang='lat' dir='ltr'>adeo</span> <span class='ocrx_word' id='word_1_311' title='bbox 937 2340 1204 2379; x_wconf 87' lang='lat' dir='ltr'>contumeliam</span> <span class='ocrx_word' id='word_1_312' title='bbox 1224 2342 1338 2381; x_wconf 91' lang='lat' dir='ltr'>infer-</span> 
     </span>
     <span class='ocr_line' id='line_1_41' title="bbox 91 2370 1338 2447; baseline 0.007 -19"><span class='ocrx_word' id='word_1_313' title='bbox 91 2402 133 2428; x_wconf 90' lang='lat' dir='ltr'>re</span> <span class='ocrx_word' id='word_1_314' title='bbox 152 2390 370 2431; x_wconf 84' lang='lat' dir='ltr'>Christianis</span> <span class='ocrx_word' id='word_1_315' title='bbox 390 2393 479 2432; x_wconf 83' lang='lat' dir='ltr'>effet</span> <span class='ocrx_word' id='word_1_316' title='bbox 501 2370 631 2432; x_wconf 83' lang='lat' dir='ltr'>a’usus.</span> <span class='ocrx_word' id='word_1_317' title='bbox 624 2392 637 2419; x_wconf 56' lang='grc' dir='ltr'><strong><em>Ρ</em></strong></span> <span class='ocrx_word' id='word_1_318' title='bbox 664 2393 938 2447; x_wconf 88' lang='lat' dir='ltr'>Relinquitur</span> <span class='ocrx_word' id='word_1_319' title='bbox 931 2394 1066 2445; x_wconf 81' lang='lat' dir='ltr'>igitur,</span> <span class='ocrx_word' id='word_1_320' title='bbox 1090 2393 1156 2433; x_wconf 90' lang='lat' dir='ltr'>sub</span> <span class='ocrx_word' id='word_1_321' title='bbox 1172 2394 1338 2447; x_wconf 87' lang='lat' dir='ltr'>Impera-</span> 
     </span>
    </p>
   </div>
   <div class='ocr_carea' id='block_1_3' title="bbox 139 2461 1309 2508">
    <p class='ocr_par' dir='ltr' id='par_1_5' title="bbox 139 2461 1309 2508">
     <span class='ocr_line' id='line_1_42' title="bbox 139 2461 1309 2508; baseline 0.002 -14"><span class='ocrx_word' id='word_1_322' title='bbox 139 2472 151 2492; x_wconf 89' lang='lat'>1</span> <span class='ocrx_word' id='word_1_323' title='bbox 187 2461 264 2494; x_wconf 85' lang='lat' dir='ltr'>Vid.</span> <span class='ocrx_word' id='word_1_324' title='bbox 286 2461 320 2495; x_wconf 87' lang='lat' dir='ltr'>L.</span> <span class='ocrx_word' id='word_1_325' title='bbox 339 2462 358 2495; x_wconf 82' lang='grc'>6</span> <span class='ocrx_word' id='word_1_326' title='bbox 385 2463 469 2497; x_wconf 81' lang='lat' dir='ltr'>Cod.</span> <span class='ocrx_word' id='word_1_327' title='bbox 491 2463 529 2497; x_wconf 90' lang='lat' dir='ltr'>de</span> <span class='ocrx_word' id='word_1_328' title='bbox 551 2463 684 2508; x_wconf 80' lang='lat' dir='ltr'>paganis</span> <span class='ocrx_word' id='word_1_329' title='bbox 787 2475 807 2495; x_wconf 84' lang='lat'>2</span> <span class='ocrx_word' id='word_1_330' title='bbox 832 2462 909 2496; x_wconf 84' lang='lat' dir='ltr'>Vid.</span> <span class='ocrx_word' id='word_1_331' title='bbox 932 2463 983 2496; x_wconf 86' lang='lat' dir='ltr'>tir.</span> <span class='ocrx_word' id='word_1_332' title='bbox 1007 2463 1088 2496; x_wconf 87' lang='lat' dir='ltr'>Cod.</span> <span class='ocrx_word' id='word_1_333' title='bbox 1109 2464 1186 2506; x_wconf 83' lang='lat' dir='ltr'>dep</span> <span class='ocrx_word' id='word_1_334' title='bbox 1166 2464 1309 2507; x_wconf 80' lang='lat' dir='ltr'>paganis.</span> 
     </span>
    </p>
   </div>
   <div class='ocr_carea' id='block_1_4' title="bbox 88 2504 1269 2552">
    <p class='ocr_par' dir='ltr' id='par_1_6' title="bbox 88 2504 1269 2552">
     <span class='ocr_line' id='line_1_43' title="bbox 88 2504 1269 2552; baseline 0.003 -14"><span class='ocrx_word' id='word_1_335' title='bbox 88 2505 123 2538; x_wconf 70' lang='grc' dir='ltr'>ἃ</span> <span class='ocrx_word' id='word_1_336' title='bbox 143 2504 320 2544; x_wconf 80' lang='lat' dir='ltr'>sacrificiis.</span> <span class='ocrx_word' id='word_1_337' title='bbox 788 2518 805 2552; x_wconf 76' lang='lat'><strong>3</strong></span> <span class='ocrx_word' id='word_1_338' title='bbox 835 2507 872 2543; x_wconf 85' lang='lat' dir='ltr'>L.</span> <span class='ocrx_word' id='word_1_339' title='bbox 893 2518 908 2549; x_wconf 84' lang='lat'>5</span> <span class='ocrx_word' id='word_1_340' title='bbox 927 2508 1010 2544; x_wconf 81' lang='lat' dir='ltr'>Co¹</span> <span class='ocrx_word' id='word_1_341' title='bbox 1034 2508 1072 2541; x_wconf 82' lang='lat' dir='ltr'>de</span> <span class='ocrx_word' id='word_1_342' title='bbox 1094 2507 1269 2552; x_wconf 76' lang='lat' dir='ltr'>Apostatis.</span> 
     </span>
    </p>
   </div>
  </div>
 </body>
</html>
