1907 3101
554 203 648 266 3ss
748 200 1633 256 ANNOTATIONES

606 287 682 324 ead.
697 286 722 324 l.
739 300 777 336 7.
793 286 925 338 ‘Ispchst
941 287 1047 340 γὰρ)
1063 286 1126 327 De
1147 288 1203 328 his
1218 288 1429 341 imaginum
1455 289 1656 332 sudoribus
1671 291 1823 346 Ioseph.

552 338 721 392 Scaliger
736 341 780 379 ad
795 341 940 380 Tibull.
954 341 1015 380 lib.
1030 340 1086 389 11,
1101 341 1143 381 &
1156 342 1258 382 Dan.
1273 343 1401 383 Heins.
1415 344 1460 383 ad
1473 345 1535 384 Sil.
1552 345 1630 385 Ital.
1648 347 1825 387 BOURD.

552 393 665 432 Alias
694 394 792 434 inter
819 395 993 447 prodigia
1016 396 1178 448 ingentis
1199 396 1425 437 calamitatis
1452 398 1620 438 habitum
1646 399 1776 448 fuisse,
1794 400 1823 441 fi

553 445 735 486 Deorum
755 447 956 488 simulacra
978 448 1175 498 sudarent,
1195 450 1273 489 vid.
1291 451 1467 503 pluribus
1488 452 1695 493 indicatum
1721 454 1769 493 ab
1792 455 1823 495 1.

553 499 657 539 Elsn.
677 502 721 539 ad
739 501 884 555 Evang.
902 502 994 542 Luc.
1010 502 1123 542 XXII
1136 532 1147 550 ‚
1168 518 1219 552 44
1232 534 1242 550 ‚
1260 506 1366 557 quod
1380 516 1508 544 tamen
1530 507 1652 546 causis
1671 520 1824 547 natura·

552 553 653 594 libus
666 555 729 594 vel
743 556 884 595 tribuat
899 556 982 596 Cic.
996 557 1041 596 de
1056 556 1193 596 Divin.
1208 557 1262 605 ΙΙ,
1284 570 1318 597 c.
1342 573 1403 609 27.
1418 560 1526 598 Adde
1539 590 1551 606 ‚
1575 560 1824 602 &fraudibus

554 605 817 658 sacerdotum3
837 610 957 650 veluti
982 611 1121 650 statuas
1139 611 1274 652 beatae
1296 612 1471 667 Virginis
1486 614 1725 655 lacrimantes
1742 615 1824 656 effi-

553 674 642 701 cere
654 676 796 702 norunt
810 663 1014 704 pontificii.
1029 664 1175 704 REITz.

607 718 682 754 ead.
696 718 719 757 l.
741 731 797 756 10.
817 718 887 757 Noti
904 717 976 769 μὴν
991 718 1054 757 καὶ
1076 719 1188 764 ’ὄλβου
1204 720 1287 771 πέρι
1299 747 1312 765 ,
1331 720 1369 760 ἐν
1388 719 1490 761 τοῖσι
1506 721 1585 776 ἐγὼ
1602 718 1715 769 visae,
1728 722 1824 776 πρῶ-

554 768 618 809 -ιόν
643 770 755 823 ἐστι)
784 772 877 811 Non
899 785 967 812 acu
990 785 1070 811 rem
1097 773 1223 824 tetigit
1252 775 1462 826 interpres,
1489 778 1555 828 qui
1580 777 1717 824 habet,
1743 778 1825 830 quin

555 824 655 862 etiam
669 825 704 863 in
719 826 776 871 iis,
800 841 884 879 quae
895 828 975 866 novi
988 855 1002 872 ‚
1015 828 1196 879 praecipue
1204 827 1290 878 ficnt
1307 843 1398 880 opes.
1417 828 1518 869 Cum
1533 829 1657 869 sensus
1672 830 1727 879 fit,
1739 834 1821 884 quin

555 877 678 925 immo,
700 882 791 932 quod
802 882 850 919 ad
866 881 1007 919 divitias
1030 880 1151 918 attinet
1167 911 1177 924 ‚
1193 880 1280 920 inter
1292 897 1332 919 ea
1343 912 1353 926 ‚
1371 898 1458 935 quae
1481 897 1538 936 ego
1560 884 1662 932 novi,
1677 885 1825 935 primum

554 932 620 971 vel
633 934 852 984 praecipuum
869 936 911 988 est
933 934 1037 987 (hoc
1052 933 1272 987 templum.)
1288 934 1496 976 VITRING.

609 991 683 1024 «αα.
701 986 724 1025 l.
743 1000 802 1040 13.
819 987 991 1041 Φέρουσα)
1006 990 1175 1038 Φορέουσι
1199 987 1390 1040 suspicor3
1409 1003 1548 1030 verum
1572 990 1662 1030 nihil
1688 1002 1798 1032 muto
1811 1021 1829 1039 ,

552 1039 643 1091 quia
659 1040 811 1093 φέρουσι
833 1041 965 1081 deinde
983 1041 1204 1095 frequenter
1225 1055 1387 1092 omneS,
1410 1044 1479 1084 etsi
1506 1045 1548 1085 &
1565 1045 1737 1096 φορέουσι
1761 1059 1826 1085 ea-

553 1093 641 1132 dem
663 1094 732 1133 hac
755 1094 909 1134 historia
930 1096 969 1134 in
990 1096 1123 1135 verbis
1145 1096 1347 1149 composit.
1367 1099 1488 1149 Φέρειν
1502 1099 1542 1138 δι
1558 1102 1712 1150 φέρουσι
1728 1100 1826 1151 Hip-

553 1159 665 1201 pocr.
680 1149 792 1187 etiam
808 1150 845 1187 in
866 1150 999 1200 aphor.
1017 1149 1263 1201 frequenter;
1284 1151 1463 1191 nimirum
1481 1165 1555 1205 pro
1565 1152 1718 1205 perferre,
1731 1154 1819 1204 pati.

553 1201 612 1240 At
628 1202 769 1255 φορέειν
785 1216 859 1255 pro
875 1203 1013 1256 affirre,
1028 1215 1165 1256 portare
1180 1234 1190 1250 ,
1210 1204 1310 1243 unde
1332 1205 1461 1257 φορεὺς
1479 1207 1633 1252 baiulus,
1654 1206 1828 1247 usitatius

553 1254 728 1295 Ionibus.
748 1257 884 1308 Neque
902 1269 1028 1297 tamen
1051 1268 1278 1310 perpetuum
1306 1258 1381 1298 hoc
1405 1259 1482 1300 est:
1507 1261 1549 1300 δε
1569 1260 1655 1299 sane
1679 1262 1717 1299 in
1745 1262 1826 1301 He·
1895 1250 1901 1296 l

551 1310 698 1348 rodoto
717 1311 871 1361 φέρουσι
889 1322 965 1350 tam
990 1311 1210 1364 frequenter
1231 1312 1411 1358 invenio,
1435 1314 1613 1366 portandi
1639 1315 1799 1354 notione
1813 1345 1828 1362 ‚

555 1375 598 1401 ut
614 1364 704 1402 nihil
717 1364 810 1403 certi
825 1364 989 1404 statuere
1001 1366 1124 1405 liceat.
1143 1365 1233 1405 Vid.
1248 1378 1338 1405 eum
1351 1366 1425 1413 IV,
1443 1381 1462 1419 3
1474 1380 1489 1419 3
1501 1381 1514 1405 1
1534 1367 1577 1407 E.
1594 1367 1671 1414 Vl,
1694 1367 1764 1419 382
1781 1370 1825 1408 B.

555 1415 631 1463 IX,
655 1418 723 1469 585
743 1418 786 1457 B.
804 1418 932 1472 &587
948 1419 995 1459 C.
1011 1419 1086 1460 &c.
1101 1418 1356 1460 Conferinfra
1371 1433 1453 1473 cap.
1473 1434 1532 1474 13,
1553 1434 1613 1474 ις,
1632 1422 1701 1468 16,
1720 1435 1760 1474 3¹
1781 1422 1824 1463 &

554 1483 605 1519 27
621 1470 696 1510 &c.
714 1471 857 1512 RErrz.

551 1576 577 1616 S
615 1528 690 1562 ead.
710 1526 734 1564 l.
754 1527 813 1566 16.
829 1526 1127 1580 Ἀποκέκριτοιι)
1149 1526 1210 1568 Sic
1231 1527 1395 1581 imprefl'.
1414 1540 1574 1576 omneS‚
1587 1528 1629 1569 &
1653 1529 1710 1568 M.
1735 1528 1826 1583 ipse.

581 1588 711 1617 OLAN.

606 1632 687 1671 ibid.
704 1631 876 1686 Ἐορτιιη
900 1632 1043 1673 Forsan
1068 1634 1197 1687 ὁρταὶ,
1215 1646 1261 1674 ut
1287 1635 1422 1676 deinde
1443 1649 1525 1689 cap.
1538 1649 1612 1689 49,
1634 1632 1675 1677 '&
1696 1637 1826 1677 Hero-

554 1684 722 1732 dot.1V,
740 1688 815 1739 256
832 1688 869 1727 Ε.
888 1688 1036 1727 Rfflz.

607 1743 681 1778 cad.
703 1741 727 1779 l.
754 1754 811 1790 17.
832 1741 1184 1796 Ἀποὸεὸέχοιται)
1201 1742 1277 1782 Pro
1294 1742 1612 1797 ἁποὸεὸεγμέναι
1638 1743 1731 1792 εἰσὶ,
1745 1744 1768 1783 i.
1788 1756 1822 1784 e.

553 1793 755 1842 admissae,
771 1807 959 1847 receptae.
976 1796 1039 1835 An
1066 1797 1115 1834 ab
1137 1796 1415 1846 ἀποδείκομαι,
1438 1796 1502 1837 seu
1522 1797 1827 1848 ἀποθείκνυμαις

552 1851 768 1899 defignatae,
797 1851 1002 1901 constitutae.
1028 1850 1197 1889 GUYET.
1220 1850 1282 1889 Est
1310 1852 1356 1889 ab
1379 1850 1651 1904 ἀποὸέχομοιι,
1673 1850 1698 1891 s.
1727 1853 1824 1890 ἀπο·
1894 1862 1902 1878 ⁴

555 1901 736 1951 δέκομαι.
752 1903 869 1942 Conf.
893 1902 990 1943 infra
1011 1917 1095 1956 cap.
1111 1918 1174 1952 42.
1196 1908 1337 1943 imm.

608 1956 698 2008 Pag.
714 1970 776 2008 93.
792 1956 815 1994 l.
837 1969 867 2007 5.
883 1958 1078 2009 Δέκομοιι)
1095 1958 1210 1998 Bene.
1230 1957 1294 1998 Sic
1314 1959 1354 1998 &
1371 1957 1559 1998 δέκεο-θαι
1574 1958 1720 1998 Herod,
1741 1958 1826 2009 VI,

556 2009 630 2061 382
647 2011 693 2049 C.
706 2009 905 2059 ὃεκώμεθοι
921 2011 994 2057 ΙΧ,
1014 2011 1086 2062 586
1103 2012 1144 2050 E.
1161 2023 1308 2063 praeter
1325 2012 1387 2052 illa
1399 2042 1409 2058 ‚
1434 2025 1534 2065 quae
1551 2012 1673 2052 Maitt.
1688 2012 1824 2061 habet,

552 2064 599 2101 de
614 2062 719 2102 Dial.
738 2078 772 2115 p.
787 2063 850 2117 98.
873 2064 943 2104 Sed
968 2065 1006 2103 in
1024 2066 1214 2117 Hippocr.
1231 2065 1432 2118 adspiratio
1447 2066 1605 2105 servata.
1622 2067 1720 2105 Nam
1738 2067 1823 2106 ἐπι·
1892 2114 1893 2119 ¹

549 2116 727 2167 Σέχετειι
748 2117 780 2164 Ι,
803 2118 905 2169 Aph.
926 2133 958 2170 5.
977 2118 1190 2170 ἑνὲέχετοιι
1208 2119 1246 2165 Ι,
1261 2119 1362 2172 Aph.
1378 2134 1417 2172 7.
1434 2118 1729 2173 προσδέχεσθαι
1750 2119 1823 2167 III,

549 2170 654 2222 Aph.
675 2184 705 2222 5.
726 2172 774 2209 ib.
795 2171 842 2210 C.
859 2172 898 2211 &
913 2186 938 2221 7
955 2171 1030 2212 &c.
1046 2173 1194 2212 REITz.

604 2228 679 2264 ead.
694 2225 721 2263 l.
740 2225 776 2262 6.
795 2226 1043 2265 Δευκαλίωνα
1057 2230 1118 2267 τὴν
1132 2226 1296 2279 Σκύθεα)
1311 2225 1495 2279 Scytham
1511 2241 1578 2268 cur
1599 2226 1728 2274 faciat,
1755 2240 1823 2267 ne-

550 2275 654 2326 scio,
673 2291 760 2318 cum
785 2278 1003 2318 Thessalum
1031 2280 1092 2319 alii
1107 2281 1277 2320 tradant:
1299 2280 1386 2319 sunt
1410 2282 1448 2321 δι
1471 2283 1535 2334 qui
1560 2295 1647 2321 eum
1669 2294 1718 2320 ex
1743 2279 1825 2321 Ae-

554 2343 683 2384 gypto
702 2333 910 2371 oriundum
933 2333 1104 2372 statuant.
1120 2335 1208 2374 vid,
1226 2335 1363 2373 Marm.
1380 2333 1460 2373 Ox.
1481 2336 1566 2374 106.
1583 2333 1742 2374 SOLAN.

604 2387 684 2424 ibid.
701 2384 864 2437 Σκύθεα)
889 2386 965 2426 Pro
992 2387 1144 2427 Σκύθην.
1168 2387 1335 2427 GUYET.
1355 2387 1427 2427 Sed
1456 2389 1573 2428 bene:
1597 2402 1683 2427 nam
1709 2390 1749 2428 &
1772 2387 1823 2429 fic

549 2438 682 2478 deinde
698 2453 781 2492 cap.
804 2453 845 2491 15
869 2436 1046 2480 Ε”Αττεα
1060 2440 1303 2488 μιό”Αττην’
1326 2455 1408 2494 cap.
1425 2455 1469 2495 25
1494 2455 1527 2480 a.
1556 2455 1605 2480 m.
1621 2440 1823 2481 δ”εσπὸτεαι

549 2506 622 2545 pro
636 2492 843 2541 δεσπότην,
857 2495 963 2548 quod
979 2495 1019 2535 δι
1031 2495 1238 2537 Herodoto
1253 2495 1303 2536 fic
1316 2494 1445 2546 scribi,
1471 2495 1650 2538 veluti&
1668 2494 1825 2546 Καμβύ·
