1907 3101
537 161 622 227 568
755 160 842 206 DE
874 159 1131 206 AETATE
1162 160 1246 206 ET
1277 158 1579 207 AUCTORE
1612 203 1615 206 .

531 248 762 289 Antoninus
784 247 875 287 Pius
898 249 1123 296 Hadriano,
1147 262 1168 288 a
1190 262 1272 302 quo
1292 249 1421 289 fuerat
1445 251 1652 305 adoptatus
1666 281 1676 298 ,
1699 251 1805 292 insti-

532 304 627 349 tuit,
651 314 663 336 ι
701 301 879 353 suspicari
915 302 1032 351 licet,
1066 302 1151 355 post
1179 304 1370 344 Antonini
1404 303 1559 344 demum
1594 317 1802 358 tempora,

534 358 629 409 quin
657 355 791 396 Severi
807 357 923 396 etiam
941 387 952 403 ‚
976 358 1044 409 qui
1069 358 1275 397 Antonino
1295 356 1483 398 succeffor
1503 357 1600 405 fuit,
1622 358 1803 413 scripsisse

532 410 848 450 Artemidorum:
876 410 1064 463 primum,
1088 411 1194 463 quod
1221 424 1269 450 ex
1285 411 1491 464 prooemio
1511 425 1531 450 a
1561 424 1691 465 paret,
1714 412 1801 466 post

532 463 785 517 longiffimam
807 463 1094 504 cunetationem
1118 466 1287 504 animum
1312 465 1357 504 ad
1378 464 1519 504 scriben
1547 479 1611 505 um
1638 466 1803 519 appulis-

533 518 596 561 se,
622 518 662 557 h.
690 531 723 557 e.
753 517 802 556 ad
831 518 994 557 edendas
1023 518 1314 558 observationes
1346 518 1463 571 longa
1497 519 1805 572 peregrinatione

468 606 471 609 .
535 572 855 624 experientiaque
881 584 1133 625 comparatas.
1177 573 1308 617 Tum,
1326 573 1433 625 quod
1462 573 1802 614 TERTULUANus

535 639 652 678 quem
680 625 747 664 sub
765 624 915 665 Severo
934 625 1029 678 Imp.
1045 626 1085 664 in
1110 625 1290 666 confiniis
1320 625 1431 665 seculi
1452 626 1489 665 ΙΙ
1512 628 1552 667 &
1574 627 1626 666 111
1653 627 1804 668 floruis-

536 679 575 718 se
600 679 686 719 satis
708 678 883 725 constat,
914 693 1002 719 cum
1028 678 1267 719 somniorum
1292 681 1516 734 interpretes
1540 692 1739 721 enumerat
1761 692 1805 730 2,

537 733 672 772 Nostri
705 734 847 773 nuliam
873 732 962 773 facit
984 735 1232 773 mentionem.
1272 733 1390 785 Quae
1413 734 1659 774 ratiocinatio
1687 735 1714 775 fi
1739 735 1804 775 cui

538 800 665 840 aeque
688 799 732 827 ac
758 787 851 826 mihi
882 788 1132 840 probabitur,
1157 799 1202 826 ut
1230 789 1347 841 paulo
1370 786 1510 828 dictum
1540 788 1664 828 laxius
1697 790 1804 829 acci-

536 842 637 894 piet,
660 854 747 880 cum
774 842 866 881 Nic.
900 842 1150 881 Risu-ruis
1185 842 1209 880 l.
1231 855 1265 881 c.
1291 852 1406 894 atque
1428 841 1491 881 lo.
1519 842 1620 883 Ain.
1644 842 1806 883 FABRI-

537 904 636 934 CIUS
662 906 678 939 3
704 895 885 934 Hadriani
914 896 955 934 δι
978 896 1165 935 Antonini
1193 895 1244 934 Pii
1271 896 1508 947 temporibus
1531 895 1665 935 vixiss'e
1689 897 1805 936 Arte-

539 948 732 987 midorum
766 948 991 999 perhibent:
1021 959 1102 988 tum
1133 949 1224 988 illud
1258 950 1375 988 etiam
1405 950 1587 1001 colliget,
1614 951 1680 988 vix
1707 950 1810 999 effe,

540 1014 585 1040 ut
610 1015 630 1040 a
654 1002 826 1042 Luciano
846 1002 1094 1042 Samosatensi
1120 1002 1293 1042 laudatus
1314 1003 1607 1050 Artemidorus,
1630 1003 1807 1056 adeoque

538 1055 773 1108 Philopatris
798 1056 957 1108 scriptus
983 1055 1057 1096 effe
1080 1057 1268 1108 potuerit,
1291 1057 1337 1096 de
1357 1070 1439 1109 quo
1460 1056 1556 1096 infra
1579 1057 1808 1100 videbimus·

596 1110 644 1148 X.
671 1110 809 1162 Neque
829 1124 927 1150 vero
947 1110 1039 1149 illud
1062 1110 1137 1150 hoc
1158 1111 1198 1149 in
1219 1110 1309 1150 loco
1331 1111 1705 1164 praetermittendum
1729 1112 1807 1160 est,

539 1162 687 1202 summa
712 1176 839 1203 rerum
855 1165 1144 1216 verborumque
1165 1177 1252 1204 cum
1276 1164 1344 1213 iis,
1368 1177 1466 1218 quae
1486 1165 1583 1203 haud
1604 1165 1717 1205 dubie
1731 1166 1808 1206 Lu-

541 1217 642 1255 ciani
664 1217 772 1265 sunt,
787 1220 1055 1257 convenientia
1070 1249 1080 1265 ‚
1093 1231 1208 1270 quam
1221 1249 1233 1264 ‚
1247 1219 1362 1258 credo
1374 1249 1386 1263 ‚
1403 1219 1558 1271 negabit
1576 1232 1717 1264 nemo,
1741 1220 1810 1272 qui

543 1272 814 1311 annotationes
842 1272 989 1311 nostras
1017 1272 1080 1311 vel
1110 1272 1248 1310 curfim
1272 1272 1582 1324 perlustraverit,
1608 1272 1720 1312 facile
1741 1275 1810 1313 ali-

541 1338 660 1376 quem
687 1325 840 1370 induci,
862 1338 904 1364 ut
922 1326 1070 1371 credat,
1095 1326 1157 1364 vel
1182 1326 1230 1364 ab
1256 1325 1336 1378 ipso
1363 1326 1534 1365 Luciano
1551 1356 1561 1370 ,
1586 1327 1650 1366 vel
1671 1327 1719 1365 ab
1739 1329 1810 1368 ho-

544 1380 671 1425 mine,
695 1380 761 1430 qui
784 1392 871 1419 eum
897 1378 963 1418 sibi
988 1380 1208 1418 imitandum
1233 1381 1477 1432 proposuerit
1492 1411 1502 1426 ‚
1526 1380 1600 1420 effe
1617 1380 1809 1432 scriptum.

543 1430 683 1484 Neque
707 1433 807 1471 enim
834 1434 952 1482 magis
976 1433 1009 1471 id
1038 1433 1123 1472 catu
1149 1432 1232 1472 fieri
1258 1433 1418 1484 potuisse
1439 1433 1613 1473 existimo
1628 1464 1640 1480 ,
1663 1448 1809 1486 quam,

543 1496 588 1523 ut
604 1498 651 1524 ex
673 1488 871 1525 temeraria
888 1487 1138 1526 toimularum
1157 1487 1526 1539 typographicarum
1543 1488 1812 1529 commistione

542 1541 677 1577 verius
692 1540 856 1580 Homeri
879 1540 1041 1591 aliquis,
1067 1553 1132 1580 aut
1151 1541 1260 1580 Ennii
1276 1540 1389 1593 poffit
1413 1540 1580 1579 existere.
1603 1542 1674 1581 Sed
1693 1543 1809 1595 pluri-

542 1592 618 1639 bus
651 1594 690 1630 in
718 1595 790 1633 hac
813 1594 997 1633 sententia
1018 1594 1252 1634 confutanda
1275 1607 1348 1634 nos
1372 1595 1569 1634 immorari
1591 1596 1682 1635 nihil
1705 1609 1810 1648 opus

546 1644 621 1685 effe
643 1647 831 1694 arbitror,
854 1661 942 1688 cum
963 1661 1061 1699 quae
1082 1649 1154 1687 iam
1176 1661 1281 1687 nunc
1302 1649 1478 1688 adverius
1502 1650 1661 1701 prima-m
1683 1650 1812 1699 illam,

546 1713 648 1750 quae
671 1702 887 1740 Lucianum
909 1701 1175 1752 Philopatridis
1198 1703 1395 1741 auctorem
1420 1701 1529 1747 facit,
1547 1702 1812 1756 proferemus,

546 1766 592 1799 ea
625 1767 802 1807 magnam
832 1767 977 1807 partem
1012 1755 1150 1796 fortius
1175 1757 1292 1795 etiam
1317 1768 1451 1795 contra
1480 1756 1579 1797 hanc
1607 1756 1811 1797 secundam

545 1807 711 1846 valeant.
743 1809 881 1861 Neque
907 1810 1066 1861 protulit
1087 1810 1293 1862 quidquam
1319 1809 1550 1849 doeiiffimus
1576 1824 1670 1863 puer
1697 1817 1809 1863 (quo

548 1862 706 1901 nomine
730 1863 888 1902 honoris
910 1863 1024 1903 causa
1047 1864 1106 1902 hic
1128 1875 1219 1902 utor
1241 1865 1278 1902 in
1302 1863 1553 1903 eruditiffimo
1577 1865 1812 1917 quatuorde-

545 1914 619 1953 cim
649 1928 840 1955 annorum
874 1918 1057 1970 homine)
1090 1918 1374 1957 BARATERws
1397 1929 1443 1965 4,
1477 1918 1581 1969 quod
1607 1918 1809 1959 dimovere

548 1980 622 2007 nos
653 1969 699 2008 de
730 1969 914 2009 sententia
947 1971 1091 2010 debeat.
1127 1971 1318 2010 Favebam
1352 1972 1538 2011 aetatulae
1573 1972 1738 2012 hominis
1771 1974 1812 2013 in

548 2035 633 2061 mea
655 2024 775 2074 patria
803 2026 881 2062 nati
910 2025 950 2064 δι
980 2024 1044 2063 ista
1070 2024 1265 2064 scribentis
1282 2055 1291 2069 ,
1318 2025 1557 2077 ignoscebam
1586 2039 1712 2079 puero
1740 2029 1809 2065 ah-

540 2075 724 2128 surditatis
752 2078 972 2123 accusanti,
993 2091 1093 2131 quae
1123 2091 1251 2131 neque
1278 2078 1519 2131 cognoviffet
1544 2078 1656 2124 satis,
1683 2092 1811 2133 neque

547 2130 758 2183 intelligere
779 2132 870 2170 dum
893 2131 1035 2183 poss‘et:
1060 2132 1195 2172 lubens
1217 2145 1277 2171 me
1300 2132 1522 2185 discipulum
1547 2133 1600 2172 illi
1623 2134 1663 2172 in
1687 2147 1728 2173 re
1745 2134 1811 2174 tali

547 2183 811 2236 praebuiffem.
839 2185 910 2225 Sed
932 2186 1022 2224 nihil
1041 2187 1157 2230 dixit,
1185 2187 1291 2238 quod
1315 2200 1393 2225 non
1415 2186 1556 2225 dicium
1570 2216 1582 2233 ,
1604 2187 1712 2238 quod
1729 2199 1810 2227 non

549 2236 756 2277 refutatum
775 2238 832 2279 sit.
856 2240 1029 2280 Molliter
1052 2241 1150 2280 inter
1171 2239 1274 2281 rosas
1294 2240 1492 2293 violasque
1514 2239 1710 2293 quiescant
1730 2240 1812 2281 offa

610 2336 623 2357 ι
662 2326 839 2360 Videndus
864 2327 938 2362 Ael.
963 2327 1150 2371 Spartianus
1251 2338 1269 2371 3
1295 2327 1378 2360 Bibl.
1397 2327 1504 2367 Gr.4‚
1528 2337 1578 2369 13,
1601 2338 1636 2369 p.
1651 2337 1728 2366 402.

550 2369 709 2403 Hadriano
725 2383 797 2415 cap.
814 2383 867 2414 27,
890 2372 923 2405 δε
945 2373 1148 2408 Commentt.
1250 2383 1272 2412 4
1295 2372 1331 2404 In
1343 2370 1812 2410 Anti-Artemonio‚Noriber-

550 2414 589 2448 ad
609 2414 642 2446 h.
667 2415 690 2447 1.
1206 2427 1264 2462 gae
1279 2427 1373 2459 1735,
1391 2418 1420 2454 8,
1438 2416 1540 2455 edito,
1553 2426 1626 2461 cap.
1641 2426 1692 2457 14,
1709 2420 1728 2456 ς
1742 2426 1763 2451 2
1776 2414 1812 2458 δε

593 2469 613 2493 2
636 2459 707 2495 Lib.
725 2461 765 2495 de
787 2461 892 2495 anima
913 2472 943 2494 e.
965 2459 1021 2506 36.
1206 2473 1240 2508 3,
1263 2472 1295 2506 p.
1311 2463 1352 2502 84
1366 2459 1458 2507 seqq-
