1907 3101
620 255 706 300 ,ω
805 236 1669 288 ANNOTATIONES

612 326 677 378 sup
681 340 720 366 er
744 326 817 366 hoc
832 338 1067 386 argumento
1089 327 1281 379 dialogos,
1297 328 1381 368 satis
1400 339 1528 369 tamen
1544 330 1780 370 manifestum
1801 342 1868 384 pu·-

612 392 673 425 to,
694 381 783 419 illud
811 395 867 418 νυν
896 380 940 418 s&
969 379 1208 430 διαλύσωμεν
1237 385 1300 420 rtou
1324 380 1524 435 ἓιάλογον,
1553 396 1698 423 tantum
1719 386 1763 424 de
1788 386 1864 426 hoc

610 433 768 486 dialogo
789 433 1011 484 capiendum
1036 433 1119 471 effe.
1151 434 1258 473 IENs.
1282 435 1372 474 Non
1394 436 1600 476 audiendus
1624 437 1676 476 est
1694 438 1866 478 Bourde-

610 487 750 532 lotius‚
767 500 852 526 cum
869 500 916 525 ex
937 487 993 524 his
1015 487 1141 525 verbis
1161 499 1460 539 argumentatur,
1483 489 1586 528 hunc
1602 491 1673 529 esse
1690 504 1726 529 u
1717 492 1866 530 ‘timum

609 541 849 591 dialogorum
872 539 984 592 ipsius
1001 540 1158 578 Luciani
1170 541 1359 592 ‚reliquos
1380 541 1654 594 suppositicios.
1670 545 1706 582 V
1712 558 1774 583 era
1795 544 1868 585 effe

611 594 731 644 potest
748 592 822 645 ipsa
848 592 1089 646 propositio,
1114 591 1174 631 sed
1191 607 1456 657 argumentum
1479 595 1674 636 lubricum.
1695 598 1755 636 Sic
1774 611 1868 648 pau-

609 648 648 685 lo
669 658 758 686 ante
780 647 892 694 dixit,
905 661 1042 697 μακρον
1055 660 1132 698 ’γαρ
1144 646 1189 685 ἂν
1205 645 1432 697 ποιήσαιμεν
1445 663 1504 687 τον
1518 649 1714 702 διάλογον.
1738 651 1866 691 GESN.

866 818 947 861 IN
1000 817 1615 864 PHILOPATRIN.

664 915 752 966 Pag.
773 928 858 966 237.
881 915 903 952 l.
931 928 962 953 1.
991 915 1299 967 ΦΙΛΟΠΑΤΡΙΣ)
1324 915 1414 954 Non
1440 915 1492 955 est
1515 914 1667 954 huiusce
1682 914 1838 954 Luciani
1853 946 1866 962 ,

609 968 668 1006 sed
685 968 908 1018 antiquioris
924 967 1093 1007 alicuius.
1116 969 1238 1007 Multa
1262 969 1296 1007 id
1312 980 1500 1029 arguunt,
1530 969 1775 1033 primumque
1791 970 1867 1008 ine-

609 1023 708 1072 ptiae
736 1021 825 1067 stili,
849 1034 937 1059 cum
968 1022 1063 1060 aliae
1086 1022 1262 1060 omnibus
1287 1022 1459 1074 paginis,
1480 1034 1560 1060 tum
1585 1022 1668 1060 illae
1690 1021 1763 1072 φὺ,
1789 1022 1866 1071 φὺ,

610 1076 683 1114 ἃς.
715 1074 863 1113 Deinde
892 1075 989 1112 ratio
1015 1075 1209 1124 temporis.
1243 1075 1341 1114 Nam
1370 1076 1492 1126 Syrus
1517 1074 1644 1114 noster
1674 1075 1867 1115 Lucianus

609 1128 776 1180 pervixit
798 1128 844 1165 ad
871 1138 1020 1179 tempus
1047 1128 1132 1166 belli
1157 1128 1459 1174 Marcomanici‚
1481 1141 1582 1167 anno
1605 1127 1742 1167 Christ.
1769 1142 1836 1179 171
1855 1159 1866 1175 ‚

607 1193 652 1220 ut
679 1192 781 1231 patet
803 1181 840 1218 in
869 1179 1167 1219 Pseudomante:
1195 1192 1232 1220 at
1259 1182 1318 1220 hic
1340 1157 1482 1220 nebulo
1503 1180 1538 1220 se
1562 1181 1790 1233 baptizatum
1816 1182 1866 1220 si-

610 1234 763 1286 gnificat
786 1247 805 1272 a
823 1233 874 1273 D.
896 1233 1027 1272 Paulo.
1053 1234 1189 1273 Paulus
1222 1247 1318 1273 vero
1341 1234 1512 1286 martyrii
1535 1235 1698 1284 palmam
1722 1237 1866 1286 accepit

614 1288 833 1339 imperantis
855 1288 1018 1327 Neronis
1042 1300 1144 1327 anno
1176 1300 1234 1339 13·
1263 1287 1499 1338 Falliturque
1524 1287 1714 1326 Batonius
1738 1287 1866 1328 Nero-

612 1342 670 1380 nis
686 1354 786 1380 anno
810 1354 877 1385 12,
897 1341 1014 1379 verba
1040 1341 1101 1379 illa
1122 1339 1274 1379 huiusce
1297 1341 1480 1408 Dialogi,
1503 1340 1701 1379 Γαλιλαῖος
1718 1345 1864 1388 ἀναφαι-

613 1410 676 1431 sex
687 1395 783 1441 τίσις,
798 1394 989 1445 ἐττιῤῥινος,
1015 1393 1052 1432 ἐς
1073 1395 1191 1444 τρίτον
1213 1409 1315 1443 ουραι
1322 1410 1353 1433 ον
1370 1392 1626 1445 ἀεροβατήσας
1645 1393 1697 1431 δῪ
1718 1389 1863 1432 delam

615 1447 661 1497 iu
670 1447 712 1485 εἷς
730 1448 874 1486 ἀιεκαί·
872 1461 964 1491 ισεν
990 1446 1200 1486 adscribens
1220 1448 1305 1485 huic
1321 1447 1502 1485 Luciano.
1529 1447 1626 1485 Nam
1654 1446 1720 1498 qui
1737 1448 1864 1498 potuit

613 1500 801 1538 Lucianus
818 1501 876 1537 hic
894 1513 913 1537 a
932 1500 1094 1538 Neronis
1118 1512 1220 1538 anno
1245 1513 1311 1545 12,
1340 1500 1375 1538 &
1399 1499 1534 1539 Christi
1559 1499 1633 1546 68,
1652 1500 1696 1538 ad
1721 1509 1862 1539 annum

613 1552 817 1591 servatoris
837 1566 901 1601 171
926 1552 1249 1603 pervive1·e‚s1ve
1270 1554 1377 1592 annis
1401 1553 1496 1602 103?
1515 1553 1633 1604 Atqui
1649 1553 1761 1592 etiam
1780 1554 1864 1604 post

612 1605 751 1645 bellum
769 1607 1115 1653 Marcomanicum,
1131 1607 1224 1658 quin
1242 1606 1432 1645 Lucianus
1453 1606 1511 1645 hic
1529 1607 1652 1658 aliqua
1672 1619 1866 1645 commen-

613 1670 714 1698 tatus
742 1659 805 1705 sit,
838 1660 963 1709 negari
989 1672 1063 1697 non
1089 1659 1221 1712 potest.
1258 1660 1328 1710 Sap
1332 1660 1440 1698 erdae
1471 1670 1598 1697 autem
1632 1658 1785 1711 prorsus
1809 1660 1864 1699 illi

610 1712 718 1758 sunt,
749 1713 813 1763 qui
841 1724 994 1764 propter
1020 1725 1089 1761 ea,
1118 1725 1216 1764 quae
1239 1711 1276 1750 in
1298 1724 1471 1751 extremo
1500 1711 1674 1764 Dialogo
1698 1712 1792 1760 isto,
1817 1714 1864 1752 de

611 1766 719 1816 Bab)
725 1765 854 1812 Ioniis,
885 1766 1106 1824 Aegyptiis,
1139 1765 1281 1813 Persis,
1312 1764 1466 1816 Scythis
1493 1767 1609 1804 verba
1634 1765 1756 1812 fiunt,
1780 1743 1862 1805 liu-

611 1818 713 1858 iulce
737 1818 974 1857 distortiffimi
998 1825 1123 1857 toetus
1149 1831 1339 1871 parentem
1365 1820 1409 1858 ad
1430 1831 1602 1871 tempora
1624 1819 1862 1879 iniperatoris

612 1872 766 1911 Traiani
785 1873 975 1917 referunt,
1000 1886 1086 1912 cum
1111 1885 1154 1911 ea
1172 1872 1286 1922 magis
1308 1885 1343 1910 tn
1357 1873 1523 1911 Neronis
1537 1883 1603 1910 aut
1617 1874 1729 1911 etiam
1745 1872 1862 1912 Clau-

612 1926 659 1963 (lii
681 1927 867 1977 pertinere
882 1925 1003 1976 poffe,
1027 1925 1152 1986 quivis
1168 1925 1275 1964 facile
1289 1925 1382 1965 lolio
1398 1938 1476 1964 non
1492 1926 1666 1964 vi&itans
1688 1927 1863 1978 pervide-

612 1979 670 2016 rit.
689 1980 798 2017 Plane
816 1979 965 2030 quidem
984 1981 1050 2029 qui
1064 1990 1139 2016 tam
1163 1979 1248 2018 belli
1262 1980 1366 2028 pueri
1383 1991 1487 2029 pater
1503 1978 1568 2023 est,
1584 1979 1748 2018 Neronis
1762 1980 1863 2031 prin·
1902 2001 1907 2030 3¹

614 2044 738 2081 etpatu
756 2044 843 2071 eum
861 2031 1028 2083 suscepit
1053 2033 1239 2071 MAch..
1259 2032 1434 2082 Spurium
1452 2032 1703 2083 Spanhemtus
1718 2033 1860 2085 aliique
1901 2038 1903 2089 j

615 2086 740 2132 multi,
762 2087 966 2136 genuinum
988 2085 1164 2124 videntur
1185 2086 1398 2124 existimare
1416 2086 1547 2124 Cavus
1571 2098 1658 2136 129,
1672 2087 1712 2124 δι
1731 2087 1862 2125 Theo·
1900 2090 1901 2093 ’

615 2139 688 2189 logi
711 2140 906 2185 nonnulli;
931 2138 988 2177 sed
1009 2139 1128 2188 palam
1149 2137 1223 2184 est,
1247 2138 1320 2177 effe
1335 2138 1512 2191 spurium.
1535 2138 1692 2178 SOLAN.
1716 2138 1778 2178 De
1793 2153 1860 2179 no·
1899 2149 1900 2171 ἲ

612 2194 712 2230 mine
737 2192 966 2241 Φιλόπατρις
986 2193 1082 2231 inter
1106 2192 1230 2243 elogia
1253 2192 1443 2231 honorum
1473 2205 1515 2230 ac
1534 2192 1686 2231 laudum
1709 2192 1860 2243 posito,

614 2259 651 2284 v.
674 2246 846 2284 Perizon.
868 2246 911 2284 ad
939 2245 1082 2283 Aelian.
1109 2244 1184 2290 111,
1214 2247 1284 2291 26,
1310 2246 1458 2285 collatis
1482 2245 1676 2292 addendis,
1701 2247 1766 2284 ubi
1793 2258 1859 2286 ne-

611 2311 689 2358 que
714 2298 826 2337 huius
850 2297 1104 2349 inlcriptionis
1126 2275 1385 2344 obliviscitur,
1413 2311 1535 2361 neque
1556 2299 1660 2349 quod
1687 2299 1724 2336 in
1748 2299 1858 2339 Pere-

613 2365 667 2402 gr·
673 2365 745 2390 no.
810 2352 947 2403 ‚plebs
971 2352 1072 2390 illum
1089 2351 1331 2402 impostorem
1348 2363 1464 2390 vocat
1480 2348 1539 2389 εἰει
1559 2350 1856 2402 q>12650001‚{'·tae

612 2405 849 2456 φιλόπατριν.
886 2405 1064 2444 Metellus
1093 2405 1146 2444 est
1175 2404 1320 2445 Consul
1348 2407 1579 2457 Φιλόπατρις
1604 2405 1785 2444 Ciceroni
1810 2406 1857 2444 ad

613 2458 692 2496 Art.
716 2458 772 2504 ΙΙ,
799 2473 829 2497 1.
854 2458 980 2497 GEsN.

667 2511 961 2563 ΦΙΑΟΠΑΤΡΙΣ)
984 2511 1047 2550 Ab
1068 2511 1357 2564 Inquisitoribus
1374 2512 1414 2552 ὅ(
1433 2510 1494 2551 hic
1515 2511 1661 2551 libellus
1678 2511 1714 2550 in
1729 2524 1855 2552 exem—
