1907 3101
200 164 270 209 IN
305 158 763 209 DEMOSTHENIS
806 161 1171 209 ENCOMIUM.
1241 182 1327 227 431

70 258 99 298 fi
121 252 220 299 forte
239 259 373 299 auStor
400 271 488 311 §um
513 258 626 310 genit.
651 257 926 305 construxerit,
943 272 1112 309 quocum
1137 260 1175 299 δι
1200 262 1270 300 alia
1288 274 1336 300 cx

68 315 175 364 μετὰ,
198 312 412 365 composita
434 313 622 351 interdum
644 311 933 360 construuntur,
957 315 1337 364 υῑμεθίεσὲαίτινος,

71 369 232 406 dimittere
256 367 419 419 aliquem,
437 366 498 405 vel
512 364 768 414 μεταὲιέέναι
789 365 936 411 τούτου,
956 377 998 405 ut
1014 368 1222 407 Herodian.
1243 369 1336 408 ltem

71 420 337 472 μεθίσταμαι,
367 420 405 458 in
426 420 571 471 Evang.
593 420 685 458 Luc.
700 419 818 465 XVI,
840 433 880 467 4,
902 419 992 458 ἕταν
1015 422 1248 470 μετασταθῶ
1270 424 1338 464 τῆς

71 474 290 524 οἰκονομίας.
308 474 389 513 Nec
406 486 483 513 non
501 471 801 522 μεταποιεῖσθαι
818 474 882 511 τῆς
897 473 1068 525 ξυνέσεως
1082 489 1138 525 ap.
1154 474 1337 528 Thucyd-

70 528 110 574 Ι,
128 541 162 567 c.
187 541 257 575 ¹40
272 558 283 573 ‚
302 539 365 566 aut
386 528 551 579 denique
574 538 616 565 ut
634 525 898 578 καταλλαχθῇ
920 527 1053 580 χόλου,
1075 529 1252 580 Sopliocl.
1271 533 1333 571 Αἰ.

72 581 164 621 teste
180 580 387 634 Stephano.
407 581 497 620 Sive
510 592 662 632 regatur
677 581 870 632 genitivus
887 584 1038 619 rarione
1055 584 1223 635 praepos.
1237 599 1337 637 quae

70 636 108 674 in
131 635 350 687 composito
375 634 466 673 inest
480 665 490 681 ‚
512 646 553 673 ut
571 635 605 672 in
624 635 960 673 &comminuas-eu
981 635 1104 681 νόσου,
1132 637 1338 679 ἐπιῖἐαίνειν

69 687 258 740 ἅρματος,
283 690 320 727 δι
348 687 528 728 similibus
550 687 667 727 solet:
694 689 797 739 quod
823 699 949 726 tamen
971 689 1006 726 in
1031 689 1335 741 μεθαρμόζεσέται

70 744 242 782 nondum
267 742 421 782 definio.
451 742 618 794 Ideoque
645 740 810 791 ψυχὴν,
833 743 938 792 quod
962 741 1156 782 Gel'nerus
1178 758 1337 797 quoque

71 796 339 849 adscripserat,
366 795 560 849 praefero,
586 796 711 835 donec
740 796 971 835 certioribus
993 797 1175 850 exemplis
1198 799 1242 838 de
1265 813 1336 852 ge-

69 851 195 890 nitivo
224 850 382 890 constet.
412 850 557 889 Rmz.

123 906 196 943 ead.
221 905 244 943 l.
271 905 328 944 16.
350 904 546 956 Ἐρεχθέως
566 903 803 955 θυγατέρας)
828 903 916 943 Vid.
939 904 1046 957 Hyg.
1061 904 1150 945 Fab.
1169 906 1243 959 238
1260 938 1271 956 ,
1295 909 1338 949 δε

69 957 253 1011 Apollod.
269 958 342 1005 111,
365 972 400 1009 p.
422 971 492 997 102
515 958 564 996 A.
592 957 749 995 SOLAN.

125 1013 215 1066 Pag.
233 1026 316 1063 ¹74·
329 1013 350 1049 l.
369 1026 398 1063 5.
417 1010 632 1063 Προέμενος)
649 1011 736 1048 Vid.
751 1010 847 1049 Plut.
868 1024 937 1063 25,
963 1027 1000 1058 2,
1014 1012 1051 1051 δι
1070 1026 1155 1065 290.
1174 1014 1335 1056 SOLAN.

126 1070 198 1106 ead.
213 1066 235 1104 l.
246 1080 283 1115 7.
295 1064 334 1103 Ἦ
347 1065 390 1104 Σὲ
402 1067 464 1104 καὶ
484 1064 697 1109 &unwano-U
712 1063 776 1103 De
788 1065 1000 1116 Polyxene.
1017 1066 1187 1107 GUYET.
1212 1069 1336 1121 (Idem

69 1118 111 1158 δι
128 1119 314 1171 adscripsit
334 1119 509 1172 Menag.)
532 1119 662 1170 Eurip.
679 1118 831 1158 Hecub.
852 1120 938 1171 568.
967 1120 1029 1160 De
1045 1121 1243 1173 Polyxena
1260 1137 1340 1163 ma-

69 1173 170 1212 ctata
191 1173 313 1213 sermo
338 1173 401 1212 est.
430 1174 589 1212 SOLAN.

123 1231 198 1266 ead.
217 1228 240 1266 l,
256 1227 291 1266 8.
317 1224 545 1279 Εύσχὺμως)
570 1226 676 1265 Nihil
696 1226 840 1266 veritus
863 1225 942 1265 sum
964 1227 1164 1269 consulere
1185 1242 1334 1281 metro,

69 1281 161 1333 quia
180 1281 313 1321 versus
333 1290 438 1319 totus
462 1281 515 1320 est
530 1293 576 1320 ex
592 1280 723 1332 Eurip.
744 1281 845 1319 Med.
872 1281 942 1332 568
957 1312 968 1329 ,
987 1283 1051 1320 ubi
1073 1283 1172 1323 reete
1194 1281 1336 1339 εὐσχή-

68 1349 161 1385 μως.
190 1336 288 1374 Mox
304 1336 430 1373 malim
446 1336 506 1373 καὶ
524 1332 654 1373 ταῦτα
668 1334 767 1386 κόρη,
784 1346 965 1374 monente
978 1336 1168 1376 Wetsten.
1187 1338 1337 1381 Rmz.

123 1391 198 1428 ead.
215 1390 236 1427 l.
255 1402 311 1429 10.
340 1387 615 1440 Ξενοκράτους)
646 1386 848 1441 Diogenes
865 1389 1036 1428 Laertius
1052 1390 1124 1437 IV,
1145 1406 1189 1430 12
1205 1392 1244 1430 δι
1264 1406 1331 1444 13,

69 1453 260 1483 memorat
276 1443 507 1481 Xenocratis
532 1442 578 1480 de
602 1442 734 1481 Morte
754 1442 794 1480 δι
819 1443 864 1481 de
879 1444 1017 1482 Anima
1036 1444 1166 1491 libros,
1184 1446 1220 1484 in
1235 1459 1339 1497 quo-

67 1510 156 1536 rum
186 1506 358 1549 utroque
385 1497 431 1536 de
462 1497 748 1535 immortalitate
783 1496 1002 1536 animorum
1040 1499 1167 1551 potuit
1204 1500 1338 1553 disper-2

68 1561 161 1590 tare.
187 1551 316 1590 GESN.

125 1607 198 1642 ead.
214 1606 236 1643 l.
261 1618 319 1656 15.
333 1603 529 1644 Ἐπείσῧην
552 1602 610 1651 ἂν,
631 1601 710 1651 ἔφη,
733 1602 879 1643 τούτοις
892 1603 1048 1656 Ἀρχίας
1063 1605 1129 1658 ὥν)
1148 1606 1203 1645 Ex
1218 1606 1335 1647 Alex.

0 1651 1 1684 l
68 1658 177 1696 andri
196 1658 299 1697 diens
316 1658 493 1697 sumtum.
513 1658 682 1697 GUYET.
705 1657 845 1699 Eadem
863 1659 989 1698 rursus
1011 1659 1057 1697 ad
1072 1661 1234 1699 verbum
1252 1661 1335 1714 pla-

71 1712 215 1764 giarius
238 1713 451 1763 Menagius.
478 1712 684 1750 Alexandri
706 1723 832 1751 autem
858 1712 999 1751 dietum
1025 1714 1139 1765 quale
1164 1713 1239 1754 est?
1266 1715 1333 1755 An

1 1791 3 1802 ι
68 1766 177 1817 quod
197 1765 367 1818 Diogeni
383 1765 536 1818 Cynico
556 1764 773 1817 respondit,
797 1766 878 1817 Nifi
889 1768 1088 1805 Alexander
1100 1766 1192 1819 effem
1207 1799 1216 1814 ‚
1237 1770 1336 1812 Di0-‚

68 1833 166 1871 genes
179 1820 240 1870 ff
253 1820 385 1859 mallem
397 1849 408 1867 ‚
423 1820 526 1872 quod
539 1832 585 1858 ex
602 1819 698 1858 Plut.
722 1820 762 1859 ὃ(
777 1819 930 1858 Pausan.
950 1833 1076 1859 narrat
1097 1822 1331 1863 Freinshem.

2 1885 3 1894 ³
68 1875 108 1911 in
126 1872 256 1925 Suppl.
277 1874 386 1912 Curt.
410 1873 450 1912 L.
471 1873 513 1919 Ι,
537 1885 569 1912 c.
587 1873 667 1921 XI,
695 1873 709 1922 §
735 1887 790 1912 11.
808 1874 910 1913 Non.
934 1874 1006 1913 Sed
1029 1875 1204 1921 alterum,
1224 1876 1334 1928 quod

70 1926 337 1975 Parmenioni3
361 1927 435 1965 vid.
462 1927 571 1967 Curt.
591 1927 664 1972 IV,
691 1928 772 1975 XI,
796 1927 810 1975 §
837 1941 875 1965 11
896 1940 905 1966 ε
932 1929 1018 1980 qui,
1048 1942 1135 1968 cum
1160 1929 1333 1970 oblatam

70 1994 144 2031 pro
170 1981 364 2020 reddendis
387 1982 551 2033 captivis
574 1983 764 2033 ingentem
781 1981 985 2031 pecuniam
1009 1984 1182 2035 accipere
1202 1983 1333 2023 suade-

4 2065 5 2076 l
69 2045 156 2081 ret,
185 2035 404 2087 responsum
432 2037 505 2075 hoc
528 2035 634 2074 tulit:
668 2035 702 2072 δ’
725 2049 783 2087 ego
801 2037 1004 2087 pecuniam,
1032 2052 1131 2089 quam
1159 2038 1332 2088 gloriam,

70 2089 223 2136 mallem,
237 2091 275 2140 fi
292 2089 472 2127 Parmenio
494 2089 612 2141 effim:
638 2103 728 2128 nunc
745 2089 946 2129 Alexander
961 2112 1005 2120 —
1017 2089 1196 2142 fbrtumzm
1220 2106 1330 2130 meam.

71 2157 140 2181 non
162 2145 277 2182 vendo.
302 2142 448 2181 REITZ.

127 2196 216 2249 Pag.
239 2209 322 2245 ¹75·
338 2198 360 2234 l.
379 2209 436 2234 12.
454 2193 694 2246 Εὗκτῆμονος,
706 2196 973 2250 οὐκἈριο-τογ.
988 2193 1026 2236 οὗ
1041 2197 1134 2237 nvo.
1150 2198 1215 2236 καὶ
1227 2203 1326 2238 Kana

5 2248 7 2294 l
71 2249 175 2302 λιμ.)
201 2249 264 2288 De
288 2249 525 2290 Eu&emone
551 2249 638 2288 satis
662 2250 808 2289 constat
831 2264 879 2290 ex
905 2251 1080 2290 oratione
1100 2262 1232 2290 contra
1252 2253 1329 2292 Mi-

71 2303 182 2342 diam.
197 2303 493 2355 Aristogitonem
509 2305 752 2356 oppugnavit
768 2304 1045 2343 Demosthenes
1067 2306 1212 2344 duabus
1234 2318 1331 2345 con-

7 2364 8 2398 ]
69 2366 130 2395 tra
152 2356 257 2396 illum
278 2357 421 2408 scriptis
442 2358 693 2396 orationibus.
720 2357 888 2409 Pytheas
911 2358 951 2396 δι
979 2358 1219 2398 Callimedon
1244 2371 1327 2400 tum

7 2421 8 2424 ’
73 2410 167 2448 alias
192 2423 239 2449 ex
263 2409 465 2449 Plutarcho
493 2412 595 2456 noti,
630 2422 711 2450 tum
739 2412 1030 2463 coniunguntur
1058 2413 1094 2450 in
1124 2413 1214 2450 Vita
1239 2412 1328 2452 De-

8 2473 9 2479 *
76 2463 213 2506 mosth.
240 2477 277 2517 p.
292 2463 366 2518 858
380 2463 426 2505 C.
442 2463 494 2505 D.
516 2463 659 2507 Πυθέας
684 2464 701 2505 ὃ
720 2461 852 2518 ῥήτως,
867 2465 929 2505 καὶ
953 2464 1201 2518 Καλλιμέδων
1220 2465 1235 2505 ὁ
1251 2467 1328 2507 Καὶ·
