1907 3101
553 184 646 234 570
714 207 716 211 .
773 171 860 217 DE
895 171 1149 220 AETATE
1183 173 1266 220 ET
1298 174 1600 223 AUCTORE

551 256 672 296 finem
695 256 960 309 Philopatridis
986 260 1192 309 clematis,
1216 261 1381 311 volunt,
1413 276 1513 315 quos
1532 263 1643 316 supra
1671 260 1812 300 lauda:

551 311 616 355 vi,
639 311 710 349 viri
731 311 928 351 doffiffimi
942 344 954 362 ,
976 314 1117 366 aliique
1129 316 1373 367 c'ompluress
1391 316 1552 368 Quibus
1576 315 1737 356 alsentir't
1760 326 1809 353 ne

551 377 693 416 queam
707 394 721 412 ,
744 365 835 405 illud
864 380 925 406 me
948 379 1107 415 movet,
1139 369 1245 421 quod
1268 371 1382 409 unius
1405 381 1552 409 tantum
1578 366 1810 420 αὐτοκράτο-

552 432 609 467 ρος
631 418 908 470 deprehendam
935 420 974 459 in
999 421 1065 461 illo
1089 423 1255 474 epinicio
1276 424 1510 463 mentionem
1526 454 1537 471 ,
1560 423 1596 463 id
1617 422 1723 475 quod
1751 420 1811 460 se-

551 483 621 510 cus
642 470 781 512 fanum
809 474 1038 525 oportebat,
1071 475 1099 514 fi
1132 476 1176 515 ad
1202 476 1303 515 hunc
1330 478 1564 529 triumphum
1594 477 1810 528 pertineret.

552 525 708 566 Ambos
726 528 830 566 enlm
848 527 984 567 fratres
1004 540 1171 581 aequato
1189 530 1272 569 iure
1293 531 1493 583 imperium
1515 528 1782 570 administrasse
1795 557 1812 574 ,

549 580 686 619 notius
706 579 782 628 est,
802 594 919 633 quam
946 592 990 620 ut
1013 582 1085 621 dici
1104 595 1125 621 a
1149 596 1210 622 me
1234 584 1380 623 debeat.
1407 585 1489 624 Nec
1511 584 1583 632 est,
1607 583 1710 636 quod
1731 583 1809 621 Lu-

551 634 655 672 cium
676 635 827 673 Verum
850 635 972 674 solum
997 636 1177 676 celebrari
1202 638 1395 684 dicamus,
1415 639 1479 691 qui
1507 638 1684 676 nimirum
1706 635 1810 675 solus

549 686 590 724 id
620 687 762 726 bellum
791 689 1024 734 confecerit,
1049 688 1225 743 solust3ue
1249 692 1408 742 gloriam
1436 691 1520 730 inde
1543 691 1609 730 sibi
1637 690 1810 729 vindica·

550 742 664 779 verit.
686 740 954 795 Praeterquam
973 744 1073 782 enim
1093 745 1199 796 quod
1217 758 1284 797 per
1304 745 1419 784 duces
1432 745 1561 784 omnia
1581 744 1667 784 sunt
1683 743 1810 796 gesta,

551 794 665 834 Vero
690 795 839 834 interim
864 796 1099 847 Imperatore
1121 798 1160 836 in
1181 798 1391 850 Daphnicis
1415 798 1647 838 Antiochiae
1667 797 1808 836 deliciis

551 848 718 887 molliter
739 861 913 889 ventrem
926 880 937 896 ‚
957 851 1092 890 Marco
1115 863 1243 890 antem
1266 853 1416 892 Romae
1437 852 1710 904 rempublicam
1727 862 1810 890 ‘cu-

548 914 685 949 rante,
710 914 754 942 ut
778 903 881 942 testis
906 903 958 943 cst
981 904 1122 944 nitius
1146 905 1446 945 Ciani-omnus
1474 917 1485 938 1
1505 921 1513 945 :
1539 906 1614 944 iam
1637 905 1690 945 est
1715 917 1810 956 pau·

549 954 592 994 lo
616 967 704 995 ante
733 956 876 997 dietum
893 988 906 1003 ‚
938 958 1234 1010 confirmarique
1259 971 1339 999 tum
1371 960 1536 999 aliorum
1554 991 1566 1006 ‚
1599 970 1681 999 tum
1705 957 1809 997 eius-

549 1010 636 1048 dem
659 1010 923 1050 CAP1TOL1N1
948 1022 966 1042 2
993 1012 1213 1051 testimonio
1239 1014 1384 1064 potest,
1406 1014 1638 1065 triumphum
1669 1013 1809 1065 pariter

553 1062 742 1116 utrosque
765 1064 979 1105 celebrasse.
1006 1065 1064 1105 Ita
1086 1067 1186 1106 enim
1211 1066 1296 1106 ille:
1321 1067 1462 1106 Habuit
1482 1068 1572 1106 lzanc
1598 1067 1809 1106 reverentiam

551 1119 680 1157 ,Μανεο
709 1121 745 1156 V
741 1134 816 1156 crus
827 1148 840 1164 ,
861 1132 901 1157 ut
922 1121 1082 1165 nomina,
1105 1136 1189 1173 quae
1203 1122 1272 1170 fibi
1290 1122 1401 1159 delata
1416 1120 1578 1171 juerant,
1604 1137 1677 1159 cum
1696 1119 1808 1171 fratre

551 1172 833 1217 communicaret,
859 1174 910 1211 die
939 1175 1125 1224 triumphi,
1151 1189 1246 1226 quem
1267 1175 1393 1226 pariter
1416 1176 1629 1213 celebrarunt.
1657 1175 1704 1213 Et
1728 1175 1809 1213 iam

551 1237 640 1265 ante
668 1238 702 1264 c.
729 1239 754 1275 7
778 1227 947 1266 dixerut:
967 1242 1105 1279 partum
1127 1231 1170 1280 est
1197 1231 1283 1267 Vero
1306 1244 1422 1267 nomen
1447 1229 1641 1276 Armenici,
1665 1227 1812 1267 Parthi-

550 1279 581 1318 ci
596 1308 606 1326 ‚
631 1279 780 1323 Medici,
803 1284 896 1331 quod
910 1281 1008 1320 etiam
1027 1284 1152 1321 Marco
1175 1284 1303 1320 Romae
1329 1282 1440 1333 agenti
1467 1282 1612 1321 delatum
1631 1284 1685 1333 est.
1711 1280 1808 1321 Illud

550 1331 655 1373 forte
685 1334 755 1373 dici
779 1335 828 1372 ab
854 1334 1008 1373 adversa
1036 1347 1142 1386 parte
1169 1335 1312 1388 postet,
1333 1336 1606 1387 Imperatorem
1632 1336 1807 1380 Verum,

550 1399 643 1426 cum
677 1387 745 1426 ista
776 1387 1027 1428 scriberentur
1055 1402 1076 1428 a
1099 1390 1293 1434 Luciam),
1329 1390 1401 1428 iam
1429 1401 1510 1429 tum
1534 1389 1640 1429 fuisse
1664 1388 1809 1428 exstin-

552 1441 658 1480 &nm
675 1471 686 1486 ‚
709 1440 859 1493 solique
883 1442 978 1481 adeo
1006 1442 1141 1482 Marco
1162 1444 1220 1482 hic
1244 1443 1431 1495 applaudi.
1456 1444 1501 1482 Et
1523 1441 1609 1482 sane
1634 1443 1808 1482 Eumo-

552 1504 648 1533 Pius
669 1494 714 1539 8,
736 1507 778 1543 5,
805 1508 891 1534 cum
916 1496 1111 1548 triumpho
1136 1497 1333 1543 Parthico,
1358 1497 1451 1535 Veri
1477 1498 1626 1536 obitum
1644 1499 1808 1536 coniun-

493 1596 500 1603 ἴ
552 1548 608 1599 git
622 1548 832 1587 areliliime.
853 1549 923 1588 Sed
941 1562 1087 1589 certum
1107 1551 1182 1597 est,
1204 1549 1444 1589 interceffitl‘e
1458 1551 1603 1602 aliquot
1618 1563 1738 1590 annos
1753 1551 1808 1588 in·

550 1613 611 1639 ter
631 1602 870 1654 triumphum
894 1602 1002 1642 istum
1024 1616 1137 1656 atque
1163 1615 1327 1643 mortem
1353 1604 1456 1643 Lucii
1476 1620 1484 1643 :
1515 1617 1586 1643 nec
1607 1617 1707 1657 quae
1725 1603 1808 1643 scri-

553 1666 645 1706 ptor
676 1657 870 1696 brevitatis
907 1656 1090 1696 studiosus
1124 1659 1341 1697 narratione
1378 1658 1602 1710 coniungit,
1634 1670 1808 1710 tempore

550 1709 639 1749 ideo
659 1709 744 1750 sunt
763 1711 965 1750 coniunela
989 1712 1164 1762 putanda.
1191 1712 1260 1751 Sed
1288 1712 1379 1750 haec
1397 1724 1485 1750 cum
1507 1711 1726 1764 quaestione
1745 1724 1808 1750 ca-

550 1776 685 1809 reant,
706 1764 804 1815 apud
827 1777 896 1803 eos
914 1777 1035 1813 certe,
1059 1767 1125 1817 qui
1151 1766 1311 1817 aliquam
1334 1778 1421 1804 cum
1446 1765 1630 1805 historicis
1651 1766 1807 1804 illorum

551 1827 772 1871 temporum
798 1817 1084 1858 familiaritatem
1111 1820 1274 1865 habent,
1295 1819 1428 1858 lubens
1443 1819 1607 1858 dimitto.
1636 1819 1728 1858 Illud
1751 1832 1809 1858 ta-

554 1884 643 1910 men
665 1884 745 1911 non
764 1871 911 1924 polsum
932 1873 1025 1924 quin
1048 1873 1218 1912 adiiciam
1232 1903 1243 1919 ‚
1270 1885 1350 1911 non
1370 1873 1486 1911 videri
1504 1872 1703 1912 Cleolaum
1733 1886 1808 1912 no-

555 1924 702 1970 strum,
735 1926 800 1978 qui
835 1925 889 1965 sui
921 1927 1082 1966 victoria
1113 1926 1359 1979 Imperatoris
1386 1925 1545 1965 effertur
1582 1938 1808 1978 tantopere,

555 1979 764 2019 Medorum
787 1991 901 2032 atque
921 1980 1127 2019 Armeniae
1150 1981 1217 2033 (ut
1238 1981 1491 2019 distinetarum
1516 1981 1643 2031 magni
1660 1981 1809 2032 imperii

554 2034 741 2085 partium,
762 2033 923 2086 suosque
945 2033 1010 2072 sibi
1031 2034 1183 2086 regulos
1203 2034 1445 2080 habentium)
1470 2035 1700 2073 mentionem
1718 2033 1809 2073 fuis·

555 2086 595 2125 se
623 2086 869 2132 omissurum,
894 2101 980 2127 cum
1003 2088 1048 2126 de
1072 2088 1210 2127 futuris
1235 2088 1410 2127 au‹la6ler
1432 2088 1528 2126 adeo
1548 2087 1751 2139 spondeat,
1777 2087 1807 2126 st

557 2142 678 2180 modo
704 2143 896 2180 materiem
919 2143 1084 2189 epinicio
1104 2142 1153 2180 illi
1176 2154 1256 2180 tum
1278 2140 1553 2192 praebuiffent‚
1578 2142 1684 2193 quod
1699 2142 1807 2179 Mar-

556 2207 608 2234 co
628 2195 838 2245 imperante
851 2195 1048 2247 contigifl'e
1071 2196 1188 2235 modo
1205 2195 1381 2233 vidimus.
1401 2194 1578 2245 Denique
1593 2205 1717 2233 totum
1735 2195 1808 2234 hoc

556 2260 822 2301 argumentum
846 2249 920 2288 tale
940 2248 1014 2290 effe
1043 2250 1347 2294 meminerimus,
1377 2260 1420 2286 ut
1442 2248 1466 2285 ii
1493 2247 1587 2286 nihil
1610 2249 1720 2286 etiam
1742 2248 1807 2294 sit,

556 2315 640 2353 quo
660 2301 873 2341 labefactari
903 2302 1148 2355 convellique
1178 2302 1313 2353 potiit,
1337 2302 1469 2355 (quod
1499 2313 1624 2339 tamen
1653 2302 1809 2341 minime

555 2355 608 2393 ita
633 2355 668 2394 se
696 2355 855 2401 habere,
878 2355 953 2402 est,
975 2368 1092 2407 puto,
1120 2357 1329 2395 luculenter
1350 2369 1370 2394 a
1392 2356 1500 2393 nobis
1526 2354 1732 2407 ostensum)
1752 2366 1809 2394 ta-

558 2422 646 2448 men
677 2409 835 2460 amplius
856 2409 946 2448 nibil
968 2422 1018 2448 eo
1041 2410 1251 2456 efficiatur,
1274 2422 1388 2460 quam
1413 2409 1507 2446 hanc
1533 2407 1685 2459 quidem
1705 2408 1809 2462 mpi-

607 2480 619 2504 x
649 2470 685 2502 In
702 2469 811 2504 Marco
823 2470 984 2503 Antonino
1000 2481 1069 2515 cap.
1088 2472 1121 2507 8.
1269 2481 1288 2504 2
1310 2469 1346 2504 In
1369 2469 1406 2505 L.
1426 2468 1504 2504 Vero
1519 2481 1588 2514 cap.
1603 2470 1636 2506 8.
