1907 3101
587 230 677 277 540
771 216 1654 266 ANNOTATIONES

581 312 659 343 tem
686 305 824 345 traam
843 319 922 345 non
944 317 1055 358 negat
1077 305 1337 355 Christianos,
1358 307 1419 347 sed
1442 306 1735 360 κατωρθωκέναι,
1767 308 1849 346 reae
1882 330 1883 343 2

582 357 955 412 traflqffffitedidiciffe.
979 361 1127 400 Verum
1145 360 1215 400 fuit
1233 360 1360 400 saltem
1376 360 1506 412 primis
1526 361 1763 410 temporibus
1778 361 1845 400 ista
1882 375 1893 391 ἠ

582 409 666 449 laus
681 411 1005 461 Christianorum,
1019 415 1125 466 quod
1144 427 1166 453 a
1184 414 1489 460 coniecloribus,
1512 414 1661 461 ariolis,
1677 415 1847 463 vatibus,

583 465 886 513 mathematicis,
908 467 949 506 δι
972 468 1007 506 id
1031 480 1152 519 genus
1180 468 1399 507 hominibus
1422 468 1697 516 abhorrerent,
1719 466 1845 507 infen—
1884 491 1895 498 -ι

582 516 631 556 fis
658 530 860 572 propterea
885 521 981 561 odiis
1003 522 1053 563 ab
1074 521 1144 560 illis
1163 522 1322 573 excepti.
1348 522 1435 561 Vid.
1459 522 1556 561 inter
1578 521 1677 560 alios
1691 521 1846 561 Arnob.
1886 551 1887 555 ,

583 582 720 611 contra
746 586 877 625 gentes
898 589 937 628 p.
958 589 1024 626 133
1042 575 1080 613 it.
1101 575 1360 615 Tertullianus
1374 575 1491 627 Apol.
1509 588 1542 614 c.
1559 587 1621 625 43.
1642 574 1846 614 Laudanda
1893 584 1896 607 ³

586 624 628 664 &
656 626 716 665 hic
742 627 796 666 est
824 627 1132 678 incomparabilis
1154 629 1225 669 viri
1250 627 1306 667 10.
1333 628 1422 668 Alb.
1448 627 1609 668 Fabricii
1637 627 1841 674 industria,

583 680 650 730 qui
678 680 777 719 Bibl.
803 681 940 721 Graec.
963 681 1038 730 111,
1063 696 1133 728 20,
1158 697 1193 735 p.
1218 681 1289 734 518
1313 681 1388 734 seq.
1416 681 1668 722 concinnavit
1690 681 1846 720 catalo-

584 745 675 783 gum
694 733 871 774 selectum
892 735 1139 787 scriptorum,
1158 736 1224 788 qui
1241 735 1483 788 astrologiam
1498 734 1843 786 apotelesmaticam
1888 738 1899 790 J

584 798 884 839 oppugnarunt,
913 802 1012 841 quos
1040 790 1137 828 inter
1163 790 1286 841 primo
1308 791 1399 829 loco
1429 788 1667 828 Christianos
1696 799 1848 828 veteres
1890 805 1892 831 3

586 840 807 880 collocavit.
840 841 926 895 Qui
945 856 1038 894 ergo
1061 842 1199 882 factum
1215 844 1405 889 dicemus,
1420 854 1462 883 ut
1476 856 1521 882 ea
1540 855 1668 881 tamen
1691 854 1757 893 per
1774 854 1846 894 po·
1886 842 1892 855 ³'

585 893 718 932 sticum
744 895 849 948 quasi
879 909 1030 949 recepta
1054 897 1105 936 ita
1128 898 1192 936 diu
1214 898 1253 936 in
1277 896 1495 937 Christiano
1521 897 1634 936 etiam
1661 896 1756 936 orbe
1779 896 1846 936 vi-
1888 913 1894 943 2

587 948 738 999 guerit?
761 949 892 989 stn.

642 1004 715 1040 ead,
727 1003 752 1041 l.
763 1018 798 1056 9.
820 1003 1013 1055 rpoei‘sim)
1039 1004 1160 1043 Etiam
1176 1004 1380 1044 hodienum
1400 1003 1598 1044 edentulae
1614 1001 1744 1056 potius
1760 1010 1848 1042 mu-'

585 1053 788 1103 lierculae‚
806 1071 919 1107 quam
939 1059 1032 1104 viri,
1055 1059 1198 1110 magiae
1220 1058 1576 1098 &incantationum
1594 1056 1752 1097 crimine
1773 1068 1848 1096 tra-

587 1109 791 1150 ducuntur.
811 1111 959 1150 Scilicet
976 1111 1100 1150 iudicii
1115 1112 1333 1164 viriumque
1348 1111 1597 1158 imbecillitas,
1613 1122 1711 1162 quae
1725 1110 1847 1158 sexui,

588 1174 676 1200 cum
701 1165 861 1203 avaritia
873 1196 884 1212 ‚
899 1177 999 1217 quae
1022 1166 1137 1204 aetati
1151 1167 1317 1217 quodam
1334 1166 1452 1205 modo
1467 1164 1647 1204 naturalis
1668 1163 1733 1207 est,
1748 1177 1847 1203 con-

590 1215 739 1260 iniusta.
760 1217 1068 1271 superstitionum
1097 1218 1286 1259 foecunda
1307 1231 1427 1259 mater
1449 1218 1538 1258 effet
1557 1217 1663 1258 solet.
1691 1217 1820 1258 GESN.

643 1273 715 1309 ead.
730 1272 752 1310 l.
771 1286 825 1325 13.
844 1273 1060 1322 Κεκιιρμένοι
1084 1272 1150 1312 τὴν
1162 1273 1336 1326 γνώμην)
1357 1272 1542 1312 Mirabilis
1564 1270 1847 1323 loquendifor·

591 1338 676 1372 ma,
700 1328 854 1376 detonsus
875 1328 1061 1377 mentefivc
1071 1328 1247 1378 sententia.
1271 1327 1340 1367 Sed
1359 1328 1484 1366 lucem
1508 1327 1567 1366 hic
1583 1327 1697 1364 etiam
1720 1324 1847 1365 affun-

588 1379 640 1416 dit
662 1379 877 1424 Lucianus‚
899 1381 964 1431 qui
985 1380 1245 1434 Paphlagonas
1268 1382 1304 1420 in
1329 1381 1601 1420 Pseudomante
1630 1391 1666 1418 c.
1697 1393 1740 1431 ις
1772 1391 1848 1419 vo-

588 1444 648 1471 cat
670 1433 753 1472 τοὺς
778 1433 1016 1484 ἐγκεφάλους
1032 1435 1093 1472 καὶ
1116 1438 1187 1474 τὰς
1209 1435 1369 1485 καρὲίοις
1382 1433 1703 1487 προεξυρημένους,
1722 1433 1757 1472 id
1777 1432 1846 1481 est,

589 1498 632 1523 ut
654 1486 906 1538 interpretor,
932 1489 1068 1527 ovium
1099 1488 1210 1527 instar
1231 1489 1483 1541 lanigerarum
1498 1517 1510 1533 ,
1534 1487 1762 1538 tonderique
1786 1485 1847 1525 so-

588 1538 764 1587 litarum,
789 1540 938 1593 stupido
958 1541 1161 1593 hebetique
1183 1543 1338 1594 ingenio
1363 1542 1576 1594 praeditos:
1600 1540 1722 1579 statim
1744 1540 1847 1580 enim

590 1591 738 1633 subiicit
752 1625 763 1642 ‚
787 1590 890 1634 οὐθὲν
910 1595 1079 1634 ἐοικότας
1103 1595 1208 1635 fuiffe
1228 1597 1312 1635 illos
1332 1596 1554 1649 σιτοφάγοις
1566 1592 1760 1645 ἀνδράσιν,
1776 1593 1846 1632 aa·

591 1648 642 1684 λὲι
664 1648 752 1697 μόνῃ
773 1646 820 1695 rri]
836 1648 953 1701 μορφῇ
976 1649 1027 1698 μὴ
1051 1646 1089 1688 οὗ
1112 1650 1289 1700 πρόβατα
1314 1647 1404 1689 εἶναι
1433 1648 1692 1700 ἒιαφέροντεις.
1718 1648 1842 1687 Etiam

589 1712 672 1752 cap.
688 1703 712 1741 6
732 1702 898 1749 dixerat,
919 1703 1003 1742 τοὺς
1024 1703 1188 1743 πολλοὺς
1207 1704 1478 1755 ἀποκείροντες,
1501 1705 1522 1743 i.
1547 1716 1581 1742 e.
1604 1700 1846 1741 ἀπατῶντος.

591 1754 720 1794 Nostri
745 1754 929 1795 Germani
958 1769 1035 1796 non
1058 1759 1173 1796 modo
1202 1758 1359 1801 tondere
1376 1786 1385 1804 ‚
1414 1756 1575 1809 scheren,
1602 1766 1751 1807 ponunt
1771 1767 1846 1807 pro

590 1807 758 1848 ludibrio
786 1810 947 1858 habere3
983 1810 1042 1849 sed
1074 1812 1225 1862 quidam
1260 1812 1370 1851 etiam
1407 1812 1549 1850 halbiren
1573 1810 1721 1857 dicunt,
1756 1808 1777 1847 i.
1810 1821 1845 1848 e.

591 1863 747 1901 barbam
772 1864 922 1913 radere,
949 1877 1019 1916 pro
1037 1863 1210 1904 Plautino
1234 1881 1318 1903 auro
1338 1878 1515 1917 emungere.
1540 1864 1594 1903 lta
1618 1861 1648 1901 οἱ
1672 1861 1712 1910 o',
1739 1862 1846 1914 quod

590 1917 626 1955 in
642 1916 751 1956 Cant.
766 1916 839 1964 IV,
867 1933 904 1966 2,
928 1918 980 1957 est
1002 1921 1098 1957 kedet·
1118 1920 1372 1971 lmkkezubotlz,
1389 1918 1496 1957 simili
1513 1917 1630 1970 ellipfi
1653 1917 1846 1956 reddidere
1903 1932 1904 1966 j

590 1971 736 2024 ἀγέλαι
762 1970 832 2010 τῶν
857 1974 1095 2024 κεκαρμένων.
1126 1972 1168 2011 In
1193 1973 1268 2023 ipsa
1291 1986 1417 2012 autem
1442 1972 1592 2013 calvitie
1618 1972 1656 2011 81
1680 1971 1764 2010 raso
1783 1983 1848 2010 ca·
1904 2003 1907 2011 ‚

591 2028 666 2075 pite
689 2025 838 2064 videtur
862 2026 1001 2078 aliquid
1028 2027 1119 2066 olim
1145 2026 1250 2066 fuiffe
1276 2027 1490 2067 contemtui
1512 2026 1739 2066 obnoxium.
1764 2024 1847 2064 Un-
1905 2037 1907 2041 ·

591 2080 636 2117 de
665 2080 831 2130 graviter
851 2082 948 2120 adeo
980 2080 1152 2119 irascitur
1182 2080 1275 2120 Elisa
1306 2082 1434 2132 pueris
1461 2080 1658 2120 calvitiem
1681 2078 1749 2118 fibi
1768 2091 1844 2119 ex-
1906 2117 1907 2130 χ

591 2133 875 2184 probrantibus.
917 2134 1070 2174 Nonius
1101 2135 1260 2174 verbum
1289 2136 1415 2174 calvere
1452 2137 1620 2173 deduaum
1645 2133 1797 2185 putavit
1821 2149 1845 2172 a

593 2187 702 2225 mimis
730 2188 864 2235 calvis,
886 2190 942 2240 qui
972 2189 1123 2228 omnibus
1148 2188 1248 2239 effent
1259 2187 1462 2240 frustratuz',
1485 2201 1566 2240 quo
1597 2187 1689 2227 loco
1719 2187 1843 2226 utitur

591 2240 914 2287 Elmenhorstius,
940 2243 986 2280 ad
1008 2241 1263 2281 illustrandum
1286 2243 1511 2293 illud,quod
1530 2241 1583 2281 est
1600 2241 1701 2293 apud
1716 2239 1846 2280 Arno-

589 2294 691 2332 hium
717 2306 849 2333 contra
874 2307 1005 2347 gentes
1025 2297 1049 2335 l.
1077 2310 1119 2347 3,
1145 2310 1180 2347 p.
1207 2308 1305 2347 239,
1329 2297 1530 2334 deleblantur
1551 2296 1619 2335 Dii
1638 2295 1844 2346 stupidorum

589 2348 654 2398 (de
681 2349 804 2386 mimis
822 2348 1011 2400 loquitur)
1036 2351 1118 2399 ηψπ
1133 2350 1296 2402 captibus.
1321 2349 1527 2401 Quaedam
1553 2351 1666 2388 etiam
1687 2350 1723 2386 in
1748 2347 1845 2387 hanc

589 2401 813 2440 sententiam
841 2414 1023 2442 annotata
1053 2402 1137 2442 sunt
1164 2405 1209 2442 ad
1242 2403 1398 2443 Lucian.
1424 2403 1570 2454 Lapith.
1595 2416 1629 2443 c.
1659 2402 1704 2440 18
1727 2414 1749 2440 a
1777 2402 1847 2440 do-

612 2454 755 2494 liffimo
782 2456 869 2495 viro
888 2457 1200 2497 Almeloveenio.
1218 2457 1314 2496 Add.
1335 2457 1469 2496 luven.
1492 2458 1546 2504 V,
1569 2469 1660 2506 171,
1683 2455 1846 2495 Casaub.

592 2510 638 2552 ad
652 2509 752 2550 Pers.
768 2523 805 2564 p.
824 2524 912 2560 100,
926 2511 1071 2553 Graev.
1093 2511 1140 2551 ad
1163 2511 1322 2552 Lucian.
1343 2510 1496 2552 Soloec.
1514 2524 1550 2564 p.
1563 2523 1652 2563 744.
1675 2509 1735 2550 Ne
1754 2509 1845 2563 quid
