1907 3101
534 188 630 233 424
733 171 1602 219 ANNOTATIONES

587 262 659 298 ead.
675 260 698 298 l.
726 272 784 298 ιο.
802 258 1002 309 Βυζαντίων
1023 258 1176 313 τεῖχος)
1193 259 1230 298 A
1250 273 1326 312 qua
1347 260 1441 300 urbe
1461 261 1640 312 capienda
1664 261 1798 314 depul-

533 312 595 351 sus
623 312 892 351 Demosthenis
926 312 1088 351 consiliis
1121 312 1242 352 fuerat
1272 313 1473 365 Philippus.
1505 315 1590 353 Vid.
1610 315 1718 354 Or.at
1747 318 1794 356 de

533 365 682 404 Coton.
708 379 789 417 cap
807 379 868 413 27.
891 369 1114 417 Μοισχαλιιν
1136 381 1203 406 της
1219 365 1401 405 Ἐλλάὸος
1424 380 1540 406 vocat
1562 369 1660 419 apud
1673 369 1795 409 Athe-

533 431 673 457 naeum
701 419 816 465 Vm
839 431 906 465 10,
928 419 1184 465 Stratonicus,
1200 420 1304 470 quod
1323 420 1460 459 scilicet
1484 422 1540 460 uti
1567 422 1685 461 homo
1711 423 1795 472 ala,

533 482 587 565 ιὲει
612 471 774 512 Graecia
797 472 987 524 Byzantio
1008 473 1090 525 capi
1111 471 1233 525 poffit
1251 473 1340 511 Vid
1359 472 1574 514 casaubon.
1604 488 1688 528 pag.
1708 475 1795 531 384.

577 536 663 563 ESN.

589 582 665 617 cad.
683 579 705 616 l
728 592 787 618 11.
805 579 955 631 vaci‘qn.
971 594 1008 617 τι
1004 578 1061 618 ''A'‘
1076 595 1112 617 ου
1135 577 1258 626 ζωντοι
1285 579 1679 630 n.)Perturbatiff1ma
1703 582 1797 621 haee

538 644 645 671 erant
664 643 774 671 antea
794 633 830 670 in
848 632 1026 671 omnibus
1047 633 1292 671 editionibus.
1316 646 1385 671 nec
1404 633 1602 684 quisquam
1624 647 1710 673 ante
1733 648 1794 673 me

537 694 734 737 repertus,
763 687 825 736 qui
854 685 979 723 saltem
1000 685 1233 737 conquestus
1253 685 1318 732 sit,
1343 687 1517 744 abrumpi
1542 687 1664 726 subito
1688 689 1725 726 in
1752 689 1797 727 iis

538 717 745 801 Antipatri
761 740 800 778 ὅ(
816 739 979 778 Archiae
1000 739 1265 798 colloquium,
1288 750 1330 777 ut
1353 739 1477 778 nescio
1496 742 1624 786 cuius,
1643 741 1796 781 minime

540 795 642 832 enim
669 806 715 830 ex
738 792 782 831 iis
801 805 928 843 patet,
954 793 1036 844 quis
1061 793 1254 844 loquatur,
1285 803 1327 831 ut
1340 795 1552 845 ,inquam‚
1580 795 1703 833 nescio
1728 807 1799 833 cu·-

536 848 601 887 ius
621 847 744 886 subito
762 847 878 885 verba
903 845 1145 886 Parmenioni
1165 846 1280 892 dicia,
1303 846 1342 885 &
1366 848 1434 885 alia
1458 848 1575 885 multa
1599 848 1797 887 infercian-

539 912 617 946 tur,
638 909 842 951 antequam
867 899 1067 951 Antipater
1088 901 1238 938 tandem
1261 912 1396 951 roget,
1411 913 1458 938 an
1483 912 1676 940 mortuum
1701 914 1795 953 ergo

539 953 756 993 invenerit?
782 952 968 1004 Quatuor
999 965 1092 1005 ergo
1115 953 1270 1005 integris
1293 954 1475 1004 capitibus
1504 954 1589 994 hinc
1618 957 1797 1003 remotis,

535 1008 689 1060 ‘suoque
710 1007 799 1045 loco
818 1006 989 1053 redditis,
1005 1006 1167 1058 (nempe
1185 1006 1372 1045 tricesimo
1386 1018 1536 1059 quarto,
1552 1008 1702 1058 quinto,
1719 1006 1800 1048 {exss

541 1072 586 1101 to
604 1062 643 1100 &
660 1060 844 1111 septimo)
872 1072 973 1098 nunc
998 1061 1148 1098 tandem
1177 1061 1435 1099 addicentibus
1459 1061 1594 1100 avibus
1619 1063 1800 1121 procedet

540 1115 659 1165 Antip
665 1115 735 1152 atri
757 1127 844 1152 cum
870 1114 1012 1151 Archia
1035 1114 1297 1165 colloquium
1314 1114 1354 1153 δι
1373 1127 1471 1165 quae
1494 1115 1578 1152 hinc
1596 1115 1800 1161 eiecimus,

539 1168 672 1208 Iocum
694 1167 805 1207 suum
829 1167 978 1206 tandem
1004 1167 1256 1214 obtinebunt3
1280 1168 1410 1219 reique
1426 1167 1503 1220 ipsa
1521 1168 1800 1208 restitutionem

541 1223 644 1262 hanc
657 1222 805 1261 abunde
823 1219 1087 1261 confirmabit.
1107 1234 1222 1272 quam
1235 1233 1322 1260 ante
1340 1234 1460 1260 annos
1478 1222 1609 1272 viginti
1625 1235 1645 1260 a
1665 1235 1724 1261 me
1740 1236 1801 1262 re-

542 1286 687 1336 pettam
706 1287 786 1313 non
803 1287 896 1312 meis
909 1286 1057 1312 tantum
1083 1274 1184 1312 libris
1206 1273 1599 1326 adscripseram,1ed
1593 1288 1629 1313 in
1652 1275 1800 1316 Codice

543 1330 617 1368 viri
635 1327 775 1368 doffiff.
788 1327 843 1366 Io.
867 1328 1083 1385 Laughtom
1101 1327 1363 1367 Bibliothecae
1381 1328 1679 1388 Cantabrigiensi
1695 1329 1805 1369 Prae-

542 1382 657 1427 feffi,
681 1381 868 1420 amicitiae
890 1379 1023 1428 caula,
1050 1393 1128 1420 non
1151 1392 1261 1420 tanto
1285 1381 1368 1433 post
1391 1382 1622 1421 intervallo
1615 1395 1651 1420 in
1674 1384 1800 1422 lucem

543 1413 787 1489 proditurum
808 1448 890 1474 mea
910 1447 1027 1496 opera
1049 1435 1260 1474 Lucianum
1277 1448 1437 1486 putans,
1452 1447 1725 1474 annotaveram
1743 1437 1800 1476 his

544 1490 698 1528 verbis:
734 1489 809 1541 [reli
798 1504 877 1539 quz
898 1489 1027 1540 pagina
1048 1488 1083 1526 δ’
1105 1503 1187 1540 pars
1215 1504 1337 1541 nmgtzz
1359 1489 1528 1541 sequentis
1558 1490 1699 1528 altertus
1733 1491 1799 1529 loci

539 1544 647 1595 sunt.
670 1558 764 1602 ᾳιιειηι
782 1542 874 1591 injrz
897 1557 931 1594 p
933 1554 978 1592 ’.ἕξ
1003 1557 1089 1589 ¹090
1112 1543 1156 1580 B.
1177 1543 1571 1595 indiczbimus‚q11aezfi
1588 1558 1677 1581 nunc
1701 1543 1798 1595 mzffit

539 1596 675 1647 fl’cerz's,
698 1595 764 1635 δ’
752 1611 788 1632 m
811 1596 882 1634 alio
902 1596 961 1632 iilo
981 1595 1052 1634 loco
1074 1596 1215 1646 inserts,
1240 1612 1292 1647 qu.
1284 1612 1322 1634 ae
1342 1612 1431 1635 nunc
1451 1612 1506 1634 tm
1500 1611 1529 1634 e
1545 1598 1773 1646 perturbata
1760 1613 1798 1636 m

546 1650 700 1690 omnibus
715 1650 909 1687 editionibus
926 1651 949 1686 l
948 1662 1092 1701 guntur,
1104 1650 1209 1699 plana
1224 1653 1322 1688 tande
1312 1667 1353 1688 Ἦ]
1367 1651 1400 1688 C}
1418 1650 1541 1700 facilia
1549 1651 1644 1699 fient.
1663 1652 1719 1688 M.
1735 1653 1772 1690 S.
1777 1651 1795 1707 ]

545 1702 740 1763 (Quibus
755 1703 871 1741 literis
890 1694 1036 1741 Molem
1061 1702 1241 1742 Solarium
1265 1704 1432 1755 intellige
1445 1732 1456 1748 ,
1478 1716 1558 1755 quo
1571 1704 1708 1742 Latino
1729 1717 1801 1743 no,

545 1758 647 1796 mine
662 1757 719 1796 hic
733 1757 845 1794 etiam
862 1756 980 1794 dilcas
994 1769 1053 1795 me
1067 1756 1205 1806 Diffirt
1206 1757 1340 1796 aionem
1353 1761 1391 1795 de
1406 1758 1479 1807 stilo
1499 1758 1597 1794 Novi
1616 1758 1799 1818 Testamfu-

545 1812 573 1849 ti
586 1809 757 1854 edidisse
775 1823 875 1859 quae
888 1811 922 1847 in
938 1809 1156 1849 Rhenferdii
1169 1819 1404 1862 tyntagmate
1420 1806 1666 1872 conspicitur)
1681 1811 1743 1849 &
1736 1823 1804 1850 ite.-

545 1878 632 1903 rum
651 1878 684 1914 p
708 1863 820 1902 1088.
841 1863 941 1914 (erat
961 1864 1061 1903 enim
1079 1863 1134 1902 ed
1160 1864 1244 1902 Par.
1262 1875 1348 1902 ante
1363 1865 1402 1902 τί
1417 1864 1453 1902 θ’
1468 1859 1504 1902 οὐ
1522 1863 1642 1924 {3¹1⁷oe
1659 1865 1734 1903 &c.
1751 1865 1799 1903 li-

544 1930 617 1956 nea
641 1931 698 1964 αι).
705 1916 720 1969 )
741 1917 873 1969 [Haec
887 1916 998 1955 miffis
1014 1917 1058 1955 ad
1074 1928 1222 1969 tempus
1234 1918 1462 1956 intermediis
1476 1930 1564 1956 cum
1580 1917 1624 1955 iis
1637 1919 1801 1957 coniun-

545 1972 641 2024 gito,
654 1983 751 2021 quae
764 1970 801 2009 in
816 1983 898 2028 pag.
914 1971 1081 2021 praeced.
1098 1983 1184 2009 ante
1196 1971 1308 2010 uncin
1312 1973 1390 2010 ulas
1402 1970 1493 2009 sunt.
1499 1970 1514 2022 ]
1528 1971 1697 2010 Tandem
1713 1985 1801 2024 pag.

550 2037 652 2074 1090
665 2035 753 2062 ante
767 2024 900 2062 Τοιαῡτ
908 2041 932 2062 ..ι
949 2024 1020 2062 &c
1039 2024 1100 2061 lin.
1123 2026 1179 2063 16.
1196 2024 1296 2076 [Hic
1312 2024 1499 2064 inserenda
1517 2024 1598 2063 lunt
1611 2037 1653 2063 ea
1667 2053 1678 2071 ‚
1698 2038 1798 2076 quae

544 2077 656 2128 supra
674 2078 895 2116 notavimus
911 2084 926 2128 ζ
940 2091 973 2128 p.
995 2076 1119 2130 1087)
1140 2078 1229 2116 loco
1250 2078 1317 2116 suo
1337 2078 1443 2117 fuiffe
1462 2089 1579 2117 mota.
1594 2079 1647 2116 M.
1667 2078 1718 2117 D.
1733 2078 1793 2131 S.]

545 2131 651 2170 Hinc
680 2141 805 2169 autem
833 2131 978 2182 liquido
1005 2142 1136 2181 patet,
1167 2131 1270 2170 hunc
1294 2132 1458 2170 libellum
1481 2145 1527 2169 ex
1550 2145 1628 2171 uno
1650 2131 1797 2172 Codice

545 2183 618 2223 Ms.
646 2183 894 2235 descriptum,
916 2185 954 2222 in
984 2197 1064 2235 quo
1088 2184 1219 2223 folium
1242 2198 1385 2231 unum,
1415 2187 1502 2224 dum
1530 2185 1799 2244 compingeba-

544 2247 621 2284 tur,
639 2237 729 2276 loco
747 2237 816 2276 suo
843 2248 990 2275 motum
1012 2239 1133 2276 errori
1161 2239 1249 2278 huic
1269 2243 1328 2277 ani
1334 2252 1394 2277 am
1419 2239 1541 2284 dedit,
1564 2239 1629 2291 qui
1653 2240 1797 2279 tamdiu

543 2288 834 2342 indeprehenlus
857 2290 986 2330 evasit.
1007 2291 1163 2330 SOLAN.

601 2345 713 2383 ead.l.
735 2345 981 2395 14Hf>0214anv
995 2344 1055 2395 ἂι)
1071 2344 1288 2384 Obiecerim
1302 2376 1313 2392 ‚
1329 2356 1369 2383 ut
1385 2345 1561 2391 canibus,
1578 2355 1620 2383 ut
1639 2345 1797 2384 latroni-

549 2398 624 2439 bus
637 2428 648 2445 ,
662 2398 705 2438 ad
722 2398 962 2436 incommoda
979 2399 1123 2437 maiora
1139 2397 1364 2449 effugienda.
1384 2399 1608 2437 Herodotus
1622 2399 1638 2437 1
1652 2429 1662 2442 ‚
1679 2413 1742 2447 24,
1755 2400 1800 2439 de

549 2451 697 2499 Arione
725 2452 821 2499 inter
848 2463 983 2499 nautas
1013 2453 1178 2494 latrones
1207 2452 1437 2501 constituto,
1463 2456 1526 2493 Τὸν
1551 2451 1596 2493 δὲ
1624 2454 1799 2494 συνιέντα
