1907 3101
504 183 596 245 3ss
693 176 1558 225 ANNOTATIONES

511 291 513 293 ·
557 269 630 306 ead.
643 267 666 305 Ι.
685 278 741 314 14.
758 266 950 319 Ποιέουσι)
975 266 1139 312 Mirum,
1157 266 1194 304 ni
1215 265 1327 305 semel
1348 264 1764 308 ποιεῦσιὸζποιευντες·

505 320 658 365 dixerit,
680 319 785 370 quod
798 319 956 359 ionibus
969 319 1264 369 usitatissimum,
1281 320 1592 360 licet&alterum
1610 321 1758 374 persae-

504 386 553 426 pe
576 373 757 412 invenias.
779 373 921 412 ΚΕΗ-Ζ.

560 428 637 464 ibid
655 426 882 465 Ἀπόλλωνος
896 424 1115 479 γενειήτεω)
1128 425 1191 465 De
1205 426 1365 465 barbato
1382 426 1562 478 Apolline
1581 426 1755 467 Macrob.

508 480 642 524 Sani,
669 493 713 530 17
735 480 774 518 &
796 479 852 518 18.
879 480 992 519 Plane
1016 483 1164 527 πολιος,
1187 495 1315 528 canus,
1338 480 1391 519 est
1409 480 1507 532 apud
1534 480 1755 520 Pausaniam

508 534 645 573 Boeot.
664 547 713 584 9,
736 547 771 596 p.
793 547 885 586 559,
902 548 950 584 34
969 533 1042 571 &c.
1067 532 1194 572 GESN.

559 588 637 625 ibid.
655 584 866 637 Γενειιιτεω)
889 587 932 624 ln
955 586 1061 625 nullo
1077 598 1238 625 nummo
1254 586 1451 625 barbatum
1473 598 1643 637 unquam
1660 599 1757 627 con·-

507 639 615 692 spici‚
626 640 738 678 docet
752 654 775 675 v
781 641 813 678 ir
826 641 957 678 harum
968 652 1094 678 rerum
1109 639 1560 692 indagatorsagaciffimus
1573 641 1635 680 Ez
1645 640 1760 693 Span-

508 694 672 740 hemius,
695 706 807 744 quem
829 693 887 731 adi
903 692 949 731 ad
961 692 1110 732 Callim.
1129 707 1165 745 p.
1183 694 1245 732 68.
1271 694 1428 732 SOLAN.

563 748 653 798 Pzg.
677 760 759 785 120.
783 749 804 785 l.
822 762 857 795 4.
867 746 945 798 Eu)
970 745 1025 784 Ita
1047 746 1325 785 emendandum
1346 746 1419 786 effe
1445 746 1638 793 videram,
1662 760 1760 787 non-

509 800 597 839 dum
621 799 824 852 conspe&o
840 800 938 839 Cod.
955 800 1010 839 M.
1026 800 1061 837 in
1077 813 1157 851 quo
1179 814 1226 845 εν,
1244 801 1298 838 uti
1319 801 1438 848 edidi,
1463 812 1568 846 non,
1582 812 1624 840 ut
1637 814 1674 839 in
1690 815 1762 840 im-

512 853 638 905 preffis
659 853 722 898 est,
742 853 790 892 ἐν.
814 854 914 892 Idem
935 863 1058 892 tamen
1072 853 1207 892 Codex
1220 866 1310 892 mox
1327 866 1445 905 prave
1461 854 1581 902 ἄλλῳ,
1607 868 1677 907 pro
1688 852 1762 894 ἄλ-

509 919 571 949 M
594 907 725 958 quod
719 919 753 944 ιη
781 907 963 946 omnibus
986 905 1167 958 impreffis
1186 909 1286 946 recte
1306 907 1431 945 habet.
1460 907 1618 946 SOLAN.

562 960 641 998 ibid.
657 961 708 997 Ἐν
724 959 768 997 δὲ
785 961 869 1011 καὶ)
891 960 954 998 Αη
974 960 1024 1000 sic
1048 960 1269 1011 legendum:
1291 961 1326 999 ἐν
1343 960 1388 999 se
1403 975 1463 998 και
1479 962 1589 1008 ἀλλο,
1608 976 1651 1000 το
1673 975 1763 1009 σφε·

509 1013 610 1064 τέρῳ.
634 1014 801 1053 GUYET.
830 1013 932 1052 Nihil
950 1026 1048 1066 opus
1059 1013 1110 1052 est
1127 1025 1275 1053 mutare
1290 1013 1633 1064 interpunffionem
1647 1045 1659 1060 ‚
1682 1014 1708 1053 sl
1723 1014 1761 1054 ἓν

511 1081 611 1119 pro-2
618 1083 631 1104 ν
645 1068 761 1118 legas,
775 1068 878 1118 quod
893 1066 1058 1106 facimus.
1077 1067 1140 1106 De
1154 1067 1355 1107 locutione
1372 1078 1498 1106 autem
1514 1067 1550 1107 ἐν
1567 1068 1611 1111 δὲ
1627 1069 1703 1108 vid.
1717 1069 1765 1108 ad

511 1121 806 1160 c.R1-:1Tz.

563 1134 635 1212 εἶιῗί.
662 1175 684 1212 Ι.
707 1188 762 1212 10.
784 1173 881 1212 Ου’τε
898 1173 1012 1226 ἱρέων)
1036 1173 1110 1213 Pro
1124 1170 1194 1213 αὖθ’
1217 1173 1323 1224 ἱρέων,
1349 1172 1578 1214 observante
1597 1175 1764 1215 Dukero

512 1228 560 1266 ad
575 1227 754 1277 Thucyd.
782 1228 839 1273 11
860 1240 892 1266 c.
903 1241 989 1290 71,
1013 1228 1057 1266 ad
1078 1229 1331 1267 imitationem
1356 1228 1543 1266 Herodoti
1562 1229 1766 1280 Thucydi-

513 1283 596 1319 dem
611 1282 722 1319 etiarn
740 1280 865 1319 dixisse
881 1280 965 1319 οὔτε
981 1277 1095 1330 ὑμων,
1111 1281 1195 1333 (ubi
1213 1293 1354 1341 operae
1372 1292 1496 1319 tamen
1513 1283 1609 1321 male
1630 1283 1766 1321 dedere

513 1335 582 1383 ἱερε
586 1349 642 1373 ων.
649 1335 664 1386 )
683 1335 753 1373 Sed
768 1334 1040 1386 apostrophum
1056 1335 1208 1387 negligi,
1224 1335 1280 1373 s1
1274 1347 1310 1373 in
1324 1334 1503 1385 Thucyd.
1518 1336 1637 1374 rarius
1641 1338 1764 1387 ,apud

513 1388 703 1427 Herodot.
727 1389 766 1426 δι
788 1388 845 1426 hic
865 1401 913 1426 eo
936 1388 987 1426 est
1013 1387 1268 1439 frequentius.
1292 1389 1462 1439 exempla
1483 1388 1636 1440 singulis
1655 1402 1768 1450 pagg.

513 1442 752 1480 occurrentia
768 1454 845 1479 non
865 1440 1039 1488 afferam,
1060 1441 1127 1479 nisi
1145 1443 1309 1481 varietas
1320 1441 1440 1501 Codd.
1455 1441 1622 1488 testibus,
1641 1445 1766 1493 optio·

514 1507 637 1556 neque
654 1495 826 1546 indigeat.
841 1496 938 1533 Vide
956 1470 1072 1533 modo
1087 1494 1226 1533 statim
1220 1506 1354 1534 iterum
1369 1494 1452 1533 οὔτε
1467 1494 1531 1547 ἱρον
1545 1511 1704 1549 πρῆγμα
1717 1519 1761 1526 —-

515 1543 601 1586 odes&
617 1548 707 1587 ιὲιον
724 1550 798 1587 διε.
815 1547 918 1587 Seds
914 1549 1035 1587 cribas
1052 1562 1122 1600 pro
1136 1549 1290 1587 arbitrio
1304 1549 1422 1588 modo
1437 1548 1688 1600 apostrophos
1700 1550 1766 1588 ad-

515 1600 650 1646 didisse‚
669 1603 785 1640 modo
800 1601 1011 1653 neglexisse,
1025 1603 1062 1640 in
1072 1603 1201 1641 Attica
1214 1604 1328 1641 etiam
1343 1602 1769 1652 &communidialeam

514 1656 741 1694 notavimus
763 1655 865 1694 alias
891 1654 1032 1694 Rmz.

569 1711 641 1746 ead.
658 1709 682 1747 l.
704 1722 760 1748 11.
786 1714 954 1760 Προφιιτε
954 1709 1025 1761 ων)
1052 1708 1274 1748 Sacerdotes
1300 1720 1321 1747 a
1344 1708 1545 1761 Prophetis
1565 1709 1767 1764 distinguit.

515 1761 671 1801 SOLAN.

568 1818 650 1854 ibid.
669 1809 762 1854 oss
785 1815 848 1859 Σὲ)
870 1815 1070 1855 Ἀπόλλων.
1096 1815 1265 1856 GUYET.

573 1870 662 1919 Pag.
683 1883 766 1907 121.
782 1870 805 1907 l.
825 1883 854 1907 1.
866 1869 1070 1921 Ἀρχιρεὺς)
1094 1870 1148 1908 Μ.
1162 1869 1355 1908 asecunda
1371 1882 1496 1908 manu.
1511 1869 1630 1909 Ree’te
1643 1869 1766 1909 omni-

518 1935 583 1962 no.
619 1922 681 2014 SSic
704 1922 803 1961 enim
830 1922 992 1975 postulat
1015 1923 1203 1963 dialeeffls.
1232 1923 1276 1962 In
1303 1923 1509 1962 omnibus'
1502 1937 1612 1976 impr
1634 1925 1767 1978 ἀρχιε-

540 1989 607 2015 υς.
656 1986 784 2013 OLAN.

516 1991 554 2028 ΡΞ
573 2032 648 2067 ead.
669 2029 695 2068 l.
710 2045 745 2075 4.
766 2030 1063 2082 Προσφεροντεις)
1081 2029 1360 2080 Ὑποφεροντοις
1377 2028 1515 2069 forsan.
1533 2028 1672 2081 Supra,
1687 2022 1771 2069 εἶτ

519 2082 563 2121 ἂν
588 2082 632 2121 Σὲ
655 2079 862 2122 ὑποδύντες
882 2083 1026 2144 φέρωσι
1052 2083 1217 2123 GUYET.
1249 2082 1312 2121 De
1337 2083 1608 2122 baiulatoribus
1633 2084 1774 2135 utique—

518 2135 819 2187 intelligendum,
840 2149 919 2175 non
938 2137 1006 2175 de
998 2137 1056 2184 iis,
1075 2138 1141 2189 qui
1162 2137 1261 2176 dona
1283 2135 1461 2183 afferunt,
1476 2138 1540 2188 qui
1561 2136 1638 2176 fere
1653 2137 1767 2176 huius

522 2190 631 2229 vocis
653 2188 776 2228 sensus
789 2190 853 2228 est.
871 2190 984 2235 Vide,
999 2203 1044 2228 an
1058 2203 1135 2229 non
1149 2188 1260 2228 satius
1275 2189 1319 2228 sit
1335 2204 1441 2241 προφ.
1462 2190 1595 2242 legere.
1610 2190 1765 2229 SOLAN.

574 2244 646 2281 ead.
660 2243 682 2280 l.
701 2257 730 2293 5.
745 2243 1027 2296 Συναγείρουσι)
1044 2244 1105 2281 An
1120 2241 1357 2294 συντηροῦσι,
1372 2247 1417 2281 Tb
1434 2244 1694 2295 συναγείρουσι
1711 2243 1764 2284 lo·

520 2309 607 2336 cum
625 2296 685 2335 hic
702 2296 841 2334 habere
859 2309 935 2335 non
954 2297 1302 2336 videtur.GUY1-:·r.

575 2352 647 2388 ead.
660 2349 682 2386 l.
697 2348 732 2387 8.
756 2347 865 2388 Qun:
850 2349 1020 2402 ἔσονται)
1045 2350 1201 2389 Excidit
1211 2351 1294 2395 hic,
1319 2349 1357 2388 ni
1378 2348 1510 2397 fallor,
1530 2349 1655 2401 aliqua
1670 2363 1766 2389 vox.

521 2401 623 2440 Sed
616 2415 654 2440 in
672 2403 774 2442 libris
788 2403 922 2442 nostris
937 2403 1024 2441 nihil
1042 2402 1210 2443 subfidii
1203 2416 1266 2442 inv
1271 2403 1370 2442 enio.
1392 2402 1537 2442 Omnes
1556 2403 1654 2442 enim
1669 2416 1766 2442 con·

522 2455 699 2496 sentiunt.
713 2456 867 2496 SOLAN.
880 2457 1079 2510 Suppetias
1094 2455 1163 2497 fert
1176 2457 1299 2498 locoa
1313 2455 1437 2499 scribis
1457 2468 1643 2510 corrupto
1656 2455 1764 2497 Gisb.
