1907 3101
330 182 416 228 IN
466 182 567 228 DE
612 180 855 228 SYRIA
906 160 1081 231 D'EA.
1249 200 1348 275 392

78 284 241 320 vocem,
265 285 365 325 quae
386 286 488 313 nunc
510 274 547 312 in
570 273 723 314 Graeco
747 274 908 325 legitur:
933 276 994 315 vel
1020 275 1120 315 forte
1147 275 1342 329 scripserat

79 326 270 365 Lucianus
281 357 290 374 ,
304 326 472 378 ἀλέκτωρ
485 359 497 374 ,
519 340 617 380 quae
633 341 713 366 vox
729 330 842 366 etiam
864 330 909 368 de
922 330 1085 369 castrato
1101 331 1219 380 potest
1235 332 1345 371 usur-

78 381 181 431 pari,
203 382 267 432 qui
283 380 334 418 est
351 381 426 419 sine
441 382 543 420 lecto
558 382 762 432 coniugali.
785 382 883 420 Nam
905 384 1150 436 υῑἬλειιτριι
1169 385 1265 424 dieta
1288 386 1344 425 est

77 432 527 474 secundumScholiasten
544 435 777 487 Euripidisin
794 434 951 482 Oreste,
978 448 997 474 a
1019 438 1211 488 privativa
1231 454 1279 484 ιι,
1301 442 1345 479 ὅτ.

78 490 252 538 λέκτρον,
278 487 349 526 διὰ
377 492 421 526 τὶ)
449 488 571 527 πολὺν
601 489 731 541 χρόνον
759 488 934 540 ἄλεκτρον
958 490 1083 539 μεῖναι
1105 492 1214 543 χόλῳ
1239 497 1342 530 Κλυ-

79 541 351 592 τιιμναίστριις·
379 542 429 581 s1c
453 543 495 582 &
519 542 692 593 ἀλέκτωρ
722 541 844 593 potest
868 543 937 581 dici
963 543 1167 592 castratus,
1202 546 1251 583 ab
1274 560 1344 585 eo-

79 594 164 633 dem
186 605 325 644 etymo
340 625 350 641 ,
373 597 478 648 quod
498 596 675 634 videlicet
698 596 844 635 caelebs
867 608 1027 636 maneat.
1051 598 1145 637 Eius
1169 600 1278 638 vocis
1302 601 1344 640 in

80 660 126 686 ea
149 647 425 699 fignificatione
457 650 695 701 reperiuntur
718 650 917 701 exempla,
943 649 1003 688 sed
1018 651 1216 690 dumtaxat
1238 654 1272 691 in
1289 654 1346 692 fe-

81 702 255 747 minino,
283 702 382 741 forte
404 704 443 742 δε
466 704 503 741 in
523 703 729 743 masculino
749 703 940 742 Lucianus
955 703 1175 757 usurpavit,
1200 718 1242 745 ut
1262 707 1305 745 fit
1325 707 1344 746 ὃ

80 755 145 793 καὶ
169 753 382 808 ἦοὶλέκτωρ.
408 756 544 795 PALM.

136 809 228 862 Pag.
249 812 331 849 126.
347 812 371 848 l.
390 825 423 861 3.
448 810 725 863 Ἀποιιτέετοιι)
751 810 997 864 Ἀποιιρέετοιι
1022 810 1155 851 dedisse
1176 813 1346 853 arbitror

80 862 294 902 auctorem.
319 864 446 903 GEsN.

135 919 208 955 ead.
224 917 248 956 l.
270 917 303 955 6.
321 916 501 970 Ἐορτέων)
519 916 582 956 An
599 913 755 968 ὧρτέων;
779 917 840 957 vel
864 931 912 956 an
933 931 980 957 ex
1001 921 1071 957 W.
1095 917 1240 970 ὃρτὲων,
1263 935 1347 961 mu.

81 981 164 1009 tato
183 981 329 1009 tantum
351 971 480 1023 spiritu
495 1002 506 1019 ‚
525 972 631 1022 quod
652 972 777 1010 malim
791 1001 799 1017 ,
821 973 912 1024 quia
937 972 986 1012 sic
1007 973 1127 1012 statim
1146 974 1284 1013 iterum
1306 977 1347 1015 in

82 1025 218 1064 eodem
233 1056 244 1073 ,
261 1021 383 1075 ὁρτιινς
406 1026 447 1065 &
469 1026 560 1078 quia
574 1025 650 1064 hoc
668 1026 784 1078 magis
796 1026 992 1073 lonicum:
1010 1041 1046 1066 v.
1062 1028 1252 1068 Herodot.
1271 1029 1347 1080 lv,

85 1080 161 1132 256
182 1079 224 1117 E.
251 1078 394 1117 Rmz.

138 1135 212 1170 ead.
232 1134 254 1170 l.
271 1131 308 1170 8.
336 1132 478 1185 Πυρῆν)
507 1132 728 1184 Legendum
753 1133 905 1172 videtur
924 1131 997 1183 πῦρ
1020 1133 1154 1174 emim.
1177 1134 1346 1178 GUYET‘„

85 1185 140 1225 At
161 1186 363 1238 quomodo
389 1199 470 1226 tum
494 1198 669 1225 καλεουσι
691 1188 936 1228 cohaereret?
956 1187 1095 1240 Quare
1112 1190 1201 1228 nihil
1221 1202 1348 1231 mutes

84 1240 226 1293 potius.
247 1240 387 1279 Rmrz.

140 1296 214 1332 ead.
231 1294 256 1332 l.
280 1308 334 1340 ¹4-
361 1297 416 1332 Τὲι
434 1293 508 1347 ἱρὲι)
533 1293 603 1346 Ἶρει
627 1293 712 1332 sunt
738 1293 841 1346 signa
864 1293 961 1346 ipsa,
983 1295 1138 1347 antiqua
1161 1296 1349 1349 religione

85 1346 248 1393 sacrata,
273 1347 337 1386 Dii
353 1348 457 1399 quasi
480 1348 572 1401 ipsi,
594 1360 634 1386 ut
655 1349 773 1387 modo
794 1349 993 1387 habuimus
1014 1351 1068 1387 τὰ
1089 1349 1347 1401 ἱρὰ,πιιιηίηα.·

86 1398 228 1451 σημήια,
244 1402 382 1440 horum
407 1402 599 1455 signorum
622 1402 835 1441 imitatione
856 1401 1049 1453 expressae
1076 1403 1266 1455 imagines.
1293 1407 1353 1445 Ut

85 1455 248 1495 lucidior
271 1455 360 1494 effet
386 1457 669 1506 interpretatio,
697 1459 748 1493 τέι
780 1455 836 1507 ἱρέι
861 1458 960 1494 Deos
992 1457 1140 1495 reddidi.
1170 1458 1350 1499 Poteram

86 1511 199 1549 etiam
208 1510 322 1561 fizcra.
340 1509 460 1549 Ovid.
479 1511 572 1548 Met.
597 1510 633 1548 X
647 1541 656 1555 ‚
682 1509 773 1562 696,
797 1510 904 1548 Sacra
925 1511 1121 1563 retorfizrunt
1144 1513 1281 1560 oculos,
1302 1515 1355 1555 dfg»

85 1563 306 1602 fimulacris.
330 1563 459 1602 lustin.
487 1563 688 1611 XXXVI,
715 1578 758 1611 2,
785 1576 854 1616 13,
875 1565 920 1603 de
943 1563 1077 1611 Mose,
1097 1564 1203 1616 sacra
1224 1569 1359 1622 Aegy,

84 1619 233 1671 priorum
249 1615 347 1668 fizrto
373 1619 517 1670 abstulit.
539 1617 668 1657 GESN.

142 1672 223 1709 ibid.
245 1672 360 1722 Πυρὶιν
383 1671 531 1724 {vtio-1)
564 1670 795 1710 Accuratius
815 1670 885 1709 dici
905 1683 1002 1723 puto
1021 1671 1096 1722 πῦρ
1111 1672 1257 1712 ἐνιέναι.
1287 1675 1357 1716 Sic

89 1737 192 1765 certe
220 1725 272 1764 est
294 1727 394 1776 apud
420 1724 571 1764 Suidam
595 1723 668 1774 πῦρ
693 1724 852 1771 ἐνίεσαν,
876 1725 1064 1770 ἐνέβαλον.
1091 1727 1209 1765 Forte
1234 1729 1357 1781 πυρὴν

89 1778 179 1819 fecit
200 1779 360 1831 aliquis,
389 1780 454 1830 qui
479 1779 595 1831 paulo
619 1789 707 1816 ante
732 1778 897 1829 legerat,
921 1780 1034 1829 ’πυρὴν
1060 1782 1199 1819 vocari
1223 1793 1357 1822 totum

90 1834 168 1872 hoc
188 1832 367 1872 solemne.
387 1832 424 1871 Si
445 1833 577 1871 ἐνιέναι
597 1831 812 1884 simpliciter
831 1831 921 1871 effer
938 1834 1106 1872 incendere
1119 1863 1130 1878 ,
1150 1834 1246 1874 stare
1274 1835 1359 1888 pos·

91 1886 146 1926 set
174 1889 310 1939 πυρὴν,
335 1898 377 1925 ut
400 1898 562 1926 vocaret
589 1887 663 1925 hoc
696 1887 855 1924 nomine
885 1898 1006 1925 totam
1032 1888 1136 1926 illam
1167 1890 1357 1930 arborum

91 1941 434 1981 succendendarum
461 1941 755 1978 multitudinem.
785 1939 912 1979 GESN.

149 1997 221 2033 ead.
237 1995 261 2032 l.
285 1998 340 2033 16.
365 1994 531 2047 Πολλοὶ)
556 1995 681 2032 Miror
704 1994 863 2038 iterum,
888 2007 1084 2046 nunquam
1112 1996 1245 2035 ενι-ουλοὶ
1268 1997 1361 2050 legi-⁸

95 2048 160 2088 An
175 2049 287 2099 igitur
303 2048 441 2087 Noster
465 2049 539 2087 hoc
558 2047 725 2086 oblitus?
749 2060 794 2085 an
821 2048 957 2086 librarii
977 2050 1077 2088 hanc
1097 2048 1268 2089 Ionicam
1289 2052 1360 2096 [εἰς

94 2103 180 2142 licet
205 2101 428 2154 elegantiam
452 2101 668 2141 nescivere?
694 2101 842 2140 REITZ.

150 2160 223 2194 ead.
240 2168 263 2194 l.
282 2169 341 2203 17.
368 2156 532 2207 Φορέουσι
547 2178 591 2184 -
608 2154 683 2207 ἱρὰ)
699 2156 818 2193 Sacra.
841 2154 903 2194 De
929 2157 1101 2207 φορέουσι
1125 2156 1272 2209 saepius
1299 2158 1363 2199 sud
1424 2203 1426 2205 v
1454 2188 1457 2191 -

95 2223 163 2263 pra
180 2210 327 2248 monui.
347 2209 503 2248 SOLAN.
529 2208 696 2261 Φέρουσι)
718 2208 844 2247 Solan.
866 2213 1037 2261 φορέουσι
1057 2215 1292 2258 emendarat,
1314 2213 1359 2251 sz-

96 2277 145 2303 ne
169 2263 408 2302 alletoritate.
439 2263 543 2302 Licet
566 2263 667 2301 reete
694 2261 842 2308 forsan,
871 2275 998 2302 tamen
1021 2265 1109 2316 quia
1133 2265 1166 2303 id
1190 2278 1222 2304 c.
1238 2265 1287 2313 48
1315 2267 1357 2305 δε

97 2318 154 2356 bis
187 2331 230 2366 52
256 2318 328 2356 &c.
352 2330 432 2355 non
457 2329 604 2355 tantum
631 2316 808 2367 reliquit,
837 2315 898 2355 sed
922 2317 1009 2355 alibi
1040 2331 1200 2369 quoque
1222 2320 1258 2357 in
1286 2320 1358 2360 hac
1390 2331 1402 2340 ‘

97 2371 254 2410 Dissert.
271 2372 354 2422 plus
376 2371 497 2409 decies
511 2371 562 2409 ita
578 2371 771 2415 occurrit,
797 2370 889 2408 nihil
910 2384 985 2422 ego
1003 2383 1139 2410 contra
1156 2372 1276 2411 libros
1288 2385 1357 2411 au-

98 2425 180 2464 sim.
203 2425 306 2463 Tum
326 2437 373 2463 ne
389 2437 524 2463 verum
544 2424 695 2475 quidem
717 2423 793 2469 est,
821 2426 961 2475 φορέειν
978 2423 1121 2477 semper
1134 2425 1291 2467 Ionibus
1307 2427 1357 2470 di·=

101 2479 161 2525 ci,
189 2490 231 2518 ut
250 2478 360 2532 supra
379 2477 465 2518 satis
491 2479 707 2518 indicatum.
732 2477 880 2518 RE1TZ.
