1907 3101
581 200 675 251 594
804 185 891 230 DE
924 175 1176 230 AETATE
1212 182 1294 228 ET
1328 182 1632 229 AUCTORE

577 284 658 310 tum.
681 270 751 310 Sed
772 270 942 309 nondum
962 282 983 308 a
1003 267 1260 308 DoDwELLo
1280 267 1443 309 discedo.
1471 268 1632 308 Putabat
1655 269 1754 309 enim
1774 265 1842 310 ‘vir

576 324 812 364 doffiffimus
827 354 836 370 ‚
861 323 968 375 quod
993 324 1140 362 Arabes
1161 323 1258 362 inter
1278 321 1405 361 hostes
1425 322 1574 375 imperii
1590 324 1759 362 Romani
1780 337 1842 362 re·-

577 377 745 417 ferantur
760 408 770 425 ,
794 378 896 417 clare
922 377 1004 415 satis
1025 377 1191 415 indicare
1206 405 1217 422 ,
1241 376 1390 415 Severo
1416 376 1625 428 imperante
1653 377 1840 430 scriptum

577 432 837 484 Philopatrin‚
859 442 901 470 ut
925 431 990 483 qui
1013 429 1097 482 post
1119 429 1330 468 Traianum
1350 429 1454 468 solus
1474 431 1621 469 Arabas
1650 431 1753 470 bello
1774 443 1843 482 pe-

578 487 719 524 tiverit.
749 485 796 524 Et
822 484 964 530 fateor,
989 485 1068 522 vim
1090 483 1192 522 haud
1209 483 1386 535 exiguam
1409 483 1523 522 huius
1544 485 1758 536 argumenti
1783 484 1844 522 fu·

577 550 731 584 turam,
761 537 829 577 nist
860 539 957 576 aliae
989 538 1159 576 rationes
1186 537 1444 575 abiudicarent
1469 537 1642 576 Luciano
1667 538 1845 590 Philopa-

577 594 680 638 trin,
704 604 820 644 atque
841 591 978 630 Iuliani
1004 590 1241 643 temporibus
1265 591 1512 629 vindicarent.
1541 590 1660 643 Quae
1677 604 1764 631 cum
1791 593 1843 630 ira

577 646 673 692 smt,
695 647 793 684 vitio
813 645 915 684 verti
940 645 1051 683 nobis
1080 656 1160 683 non
1190 643 1337 696 potest,
1357 643 1385 682 fi
1406 643 1452 682 ad
1479 643 1579 696 spem
1601 644 1752 684 Cleolai
1781 658 1843 684 re-

578 700 766 747 feramus,
793 711 894 751 quae
925 698 970 737 de
992 698 1210 743 Arabibus,
1236 697 1403 749 inquieta
1430 709 1542 749 gente
1569 699 1607 736 &
1632 699 1844 737 latrociniis

581 753 735 801 infami,
756 752 938 792 Cleolaus
959 750 1136 804 spondet:
1162 751 1332 803 inprimis
1356 764 1445 790 cum
1468 750 1535 790 τὴν
1551 751 1758 802 οἰκουμένην
1773 767 1844 791 πε·

580 809 796 860 ρινοουμένην
815 819 863 846 ex
885 806 1177 845 NAzlANZENO
1203 804 1420 843 viderimus.
1443 805 1550 844 Licet
1570 806 1670 844 enim
1688 805 1846 844 Petraea

581 861 726 901 Arabia
751 861 823 898 iam
847 873 869 899 a
894 859 1068 899 Traiano
1089 858 1238 898 rectam
1263 857 1330 906 s1t;
1353 869 1483 897 tamen
1506 858 1700 898 Nomades
1722 859 1774 898 illi
1799 859 1843 898 &

579 914 754 954 Scenitae
772 914 946 960 Arabes,
972 913 1009 950 in
1034 913 1173 964 quibus
1199 912 1240 950 &
1265 911 1474 957 Saraceni,
1501 910 1625 963 subigi
1651 925 1731 952 non
1764 926 1845 964 po·-

581 978 750 1007 tuerunt.
780 966 842 1006 De
862 979 1025 1018 utraque
1040 966 1183 1005 Arabia
1199 978 1298 1016 quae
1321 964 1417 1004 dieta
1436 964 1563 1004 nostra
1577 966 1730 1005 firment
1754 978 1848 1019 pro-

581 1021 670 1060 tulit
696 1035 718 1060 e
740 1020 811 1060 suis
830 1019 1012 1060 thesauris
1037 1019 1102 1059 ΕΖ.
1126 1019 1409 1058 SPANHEMIUS
1437 1029 1476 1065 ι,
1497 1019 1562 1070 qui
1586 1020 1699 1058 etiam
1725 1020 1846 1059 multa

581 1074 737 1127 collegit
759 1084 778 1106 2
792 1104 803 1121 ‚
830 1087 851 1113 e
880 1074 1023 1126 quibus
1052 1073 1330 1124 intelligamus,
1357 1073 1526 1125 optabile
1546 1072 1653 1112 fuiffe
1671 1086 1722 1113 eo
1740 1084 1847 1112 tem-—

582 1141 703 1181 pore‚
733 1141 814 1180 quo
842 1126 1071 1180 Philopatrin
1098 1126 1281 1178 scriptum
1312 1125 1533 1171 censemus,
1559 1127 1712 1175 videre,
1740 1126 1847 1180 quod

583 1194 692 1235 optat
718 1182 919 1234 Triephon
933 1212 944 1230 ‚
966 1182 1040 1220 τὰς
1065 1179 1255 1230 ἑκὸρομᾰς
1279 1177 1353 1218 τῶν
1373 1178 1515 1220 Σκυθῶν
1535 1181 1764 1230 παυομένας.

638 1235 823 1275 XXXVL
846 1235 984 1275 Adhuc
1006 1234 1122 1285 igitur
1147 1234 1243 1272 bene
1268 1232 1336 1271 sibi
1355 1232 1530 1272 constant
1552 1234 1704 1280 omnia,
1730 1244 1774 1273 ut
1795 1232 1849 1273 fe·

583 1288 708 1329 liciter
730 1303 774 1330 ac
799 1288 949 1328 strenue
964 1287 1094 1341 gesta,
1124 1300 1225 1339 quae
1255 1286 1290 1324 in
1314 1286 1568 1338 Philopatride
1587 1287 1850 1335 celebrantur,

584 1343 648 1382 illa
683 1343 821 1395 poffint
852 1342 950 1390 effe,
982 1354 1083 1393 quae
1115 1340 1284 1379 Iulianus
1317 1339 1386 1379 sub
1418 1341 1565 1380 initium
1599 1341 1853 1394 expeditionis

583 1396 755 1436 Persicae
779 1395 948 1448 perfecit.
971 1395 1185 1434 Videamus
1204 1394 1369 1446 reliqua,
1396 1407 1442 1432 an
1468 1393 1673 1433 sententiae
1698 1394 1850 1435 nostrae

583 1449 752 1490 faveant.
777 1449 1013 1489 Inducuntur
1032 1447 1233 1488 Christiani
1258 1447 1354 1486 male
1379 1446 1506 1486 affecti
1533 1461 1623 1500 erga
1643 1448 1852 1500 Imperato-

584 1516 686 1549 rem,
711 1504 772 1551 δε,
798 1515 840 1542 ut
862 1504 1130 1555 interpretatur
1147 1502 1304 1545 auetor,
1334 1501 1449 1553 ipsam
1475 1503 1647 1553 patriam.
1667 1501 1850 1542 Christia-

547 1606 549 1608 Υ
584 1557 649 1605 ni,
678 1559 849 1610 inquam.
874 1558 1012 1609 Neque
1041 1557 1142 1595 enim
1173 1553 1335 1594 affentiri
1361 1554 1508 1607 polium
1542 1556 1779 1595 BAsNAmo
1805 1566 1851 1602 3,

584 1612 652 1663 qui
677 1622 790 1663 negat
806 1641 818 1656 ,
832 1611 870 1650 in
891 1611 1023 1650 ultima
1039 1610 1180 1661 dialogi
1204 1620 1309 1661 parte
1328 1608 1373 1647 de
1392 1608 1614 1648 Christianis
1638 1608 1852 1649 sermonem

584 1665 683 1712 effe,
715 1678 762 1704 ne
785 1665 957 1704 Baronio
980 1664 1190 1703 concedere
1218 1672 1402 1714 cogatur,
1427 1663 1610 1714 templum
1643 1664 1697 1701 ibi
1718 1662 1855 1703 descri-

586 1719 652 1764 bi,
677 1718 895 1770 templaque
917 1719 1012 1757 adeo
1033 1716 1139 1756 fuiss'e
1155 1716 1220 1755 diu
1245 1727 1331 1754 ante
1346 1715 1667 1757 Constantinum:
1693 1715 1753 1756 sed
1767 1729 1852 1755 ma·

585 1773 816 1812 thematicos
840 1771 945 1812 fuisse
968 1773 1040 1817 ait,
1063 1772 1104 1810 δι
1128 1771 1180 1810 ob
1204 1770 1238 1807 id
1261 1769 1380 1822 ipsum
1402 1778 1484 1809 non*
1501 1769 1750 1810 Christianos.
1768 1771 1852 1810 Ve-

587 1839 673 1865 rum
700 1827 767 1878 qui
793 1837 935 1864 attente
960 1827 1005 1865 &
1026 1825 1163 1877 dialogi
1191 1823 1333 1868 verba,
1357 1823 1397 1862 δε
1421 1836 1519 1876 quae
1550 1837 1621 1863 nos
1644 1825 1695 1862 ibi
1720 1824 1855 1864 adscri-

584 1879 742 1932 psimus,
767 1880 898 1931 legerit
914 1909 926 1925 ‚
949 1879 1144 1924 inveniet,
1167 1878 1298 1929 negari
1324 1878 1474 1929 potius,
1499 1876 1573 1917 effe
1597 1877 1683 1916 illos
1702 1877 1853 1917 mathe»

587 1935 772 1981 maticos;
797 1932 952 1984 illasque
976 1933 1021 1971 de
1048 1933 1162 1970 rebus
1188 1930 1414 1970 coelestibus
1436 1932 1756 1983 interrogationes
1777 1944 1851 1983 po-

586 1988 667 2026 tius
692 1987 736 2025 ad
760 1987 965 2026 ludibrium
991 1986 1192 2038 pertinere.
1223 1985 1345 2023 Porro
1370 1985 1457 2024 dicit
1484 1983 1715 2037 Baffiagius,
1743 1984 1852 2025 Trie-

585 2041 798 2092 phontem‚
833 2041 900 2092 qui
925 2052 967 2079 ut
991 2039 1213 2079 Christianis
1240 2037 1351 2078 sacris
1379 2038 1553 2077 initiatus
1583 2039 1848 2080 introducatur

587 2095 627 2132 in
653 2095 773 2147 priori
809 2105 915 2147 parte
941 2094 1106 2146 dialogi,
1128 2094 1166 2131 in
1189 2091 1267 2130 fine
1295 2091 1414 2144 ipsum
1446 2104 1606 2144 quoque
1629 2092 1851 2133 maledicere

587 2147 657 2186 illis
682 2148 778 2187 male
801 2161 891 2200 erga
916 2147 1188 2200 Imperatorem
1217 2144 1382 2186 affectis:
1410 2145 1480 2185 hos
1509 2158 1603 2198 ergo
1628 2159 1707 2185 non
1730 2146 1853 2185 videri

585 2200 836 2241 Christianos.
862 2202 914 2240 At
926 2201 1122 2254 Triephon
1147 2201 1199 2239 ita
1222 2200 1268 2238 de
1290 2199 1576 2238 suainitiatione
1596 2199 1783 2252 loquitur,
1808 2211 1852 2240 ut

587 2254 674 2294 satis
704 2267 906 2307 appareat,
939 2255 1045 2294 illum
1071 2254 1238 2294 ludibrio
1266 2254 1403 2292 habere
1429 2253 1471 2291 ὃ(
1494 2252 1713 2305 magistrum
1741 2253 1851 2292 illum

586 2308 697 2347 suum
724 2310 763 2348 δι
795 2319 915 2348 totam
945 2309 1183 2360 religionem.
1213 2307 1300 2359 Qui
1327 2319 1421 2359 ergo
1452 2308 1572 2359 priori
1598 2318 1705 2359 parte
1733 2306 1852 2345 libelli

586 2362 682 2401 ridet
701 2362 959 2411 Christianos,
974 2363 1087 2415 illum
1112 2374 1190 2401 non
1207 2363 1345 2400 mirum
1363 2359 1414 2399 est
1435 2359 1586 2398 eosdem
1604 2362 1642 2398 in
1664 2359 1855 2412 posterio-

634 2445 646 2466 1
676 2435 922 2467 AdlulianiOr.
937 2446 948 2466 1
966 2458 974 2474 ‚
993 2446 1026 2479 p.
1041 2435 1101 2476 164
1120 2434 1186 2477 seq.
1301 2444 1316 2476 3
1343 2434 1459 2465 Annal.
1476 2432 1600 2466 Eccles.
1618 2432 1655 2465 ad
1673 2433 1712 2465 A.
1730 2432 1854 2476 0213,

630 2490 649 2511 2
676 2479 757 2512 lbid.
780 2492 813 2521 p.
838 2490 869 2520 5¹
896 2478 965 2522 seq.
1255 2489 1289 2509 n.
1311 2488 1347 2521 3,
1372 2489 1403 2520 p.
1422 2478 1496 2518 267.
