<?xml version="1.0" encoding="UTF-8"?>
<!DOCTYPE html PUBLIC "-//W3C//DTD XHTML 1.0 Transitional//EN"
    "http://www.w3.org/TR/xhtml1/DTD/xhtml1-transitional.dtd">
<html xmlns="http://www.w3.org/1999/xhtml" xml:lang="en" lang="en">
 <head>
  <title>
</title>
<meta http-equiv="Content-Type" content="text/html;charset=utf-8" />
  <meta name='ocr-system' content='tesseract 3.04.00' />
  <meta name='ocr-capabilities' content='ocr_page ocr_carea ocr_par ocr_line ocrx_word'/>
</head>
<body>
  <div class='ocr_page' id='page_1' title='image "./operagraeceetlat09luciuoft/operagraeceetlat09luciuoft_0592.png"; bbox 0 0 1907 3101; ppageno 0'>
   <div class='ocr_carea' id='block_1_1' title="bbox 609 175 1644 240">
    <p class='ocr_par' dir='ltr' id='par_1_1' title="bbox 609 175 1644 240">
     <span class='ocr_line' id='line_1_1' title="bbox 609 175 1644 240; baseline 0.005 -19"><span class='ocrx_word' id='word_1_1' title='bbox 609 175 697 240; x_wconf 78' lang='lat'>584</span> <span class='ocrx_word' id='word_1_2' title='bbox 826 175 910 222; x_wconf 76' lang='lat' dir='ltr'>DE</span> <span class='ocrx_word' id='word_1_3' title='bbox 943 176 1193 222; x_wconf 78' lang='lat' dir='ltr'><strong>AETATE</strong></span> <span class='ocrx_word' id='word_1_4' title='bbox 1231 178 1315 222; x_wconf 85' lang='lat' dir='ltr'>ET</span> <span class='ocrx_word' id='word_1_5' title='bbox 1348 178 1644 226; x_wconf 80' lang='lat' dir='ltr'>AUCTORE</span> 
     </span>
    </p>
   </div>
   <div class='ocr_carea' id='block_1_2' title="bbox 568 258 1854 2286">
    <p class='ocr_par' dir='ltr' id='par_1_2' title="bbox 595 258 1854 1166">
     <span class='ocr_line' id='line_1_2' title="bbox 595 258 1851 319; baseline 0.005 -20"><span class='ocrx_word' id='word_1_6' title='bbox 595 277 601 289; x_wconf 66' lang='lat'><em>2</em></span> <span class='ocrx_word' id='word_1_7' title='bbox 654 258 799 300; x_wconf 87' lang='lat' dir='ltr'>XXVI.</span> <span class='ocrx_word' id='word_1_8' title='bbox 817 258 938 316; x_wconf 76' lang='lat' dir='ltr'>Igitur</span> <span class='ocrx_word' id='word_1_9' title='bbox 951 274 1077 314; x_wconf 87' lang='lat' dir='ltr'>neque</span> <span class='ocrx_word' id='word_1_10' title='bbox 1090 263 1259 302; x_wconf 85' lang='lat' dir='ltr'>Luciano</span> <span class='ocrx_word' id='word_1_11' title='bbox 1275 261 1484 315; x_wconf 79' lang='lat' dir='ltr'>antiquior,</span> <span class='ocrx_word' id='word_1_12' title='bbox 1506 278 1629 318; x_wconf 88' lang='lat' dir='ltr'>neque</span> <span class='ocrx_word' id='word_1_13' title='bbox 1649 264 1760 319; x_wconf 83' lang='lat' dir='ltr'>ipsius</span> <span class='ocrx_word' id='word_1_14' title='bbox 1777 266 1851 305; x_wconf 86' lang='lat' dir='ltr'>Lu·</span> 
     </span>
     <span class='ocr_line' id='line_1_3' title="bbox 603 313 1852 368; baseline 0.004 -16"><span class='ocrx_word' id='word_1_15' title='bbox 603 313 701 352; x_wconf 87' lang='lat' dir='ltr'>ciani</span> <span class='ocrx_word' id='word_1_16' title='bbox 727 314 779 353; x_wconf 86' lang='lat' dir='ltr'>est</span> <span class='ocrx_word' id='word_1_17' title='bbox 803 314 1049 368; x_wconf 77' lang='lat' dir='ltr'>philopatris3</span> <span class='ocrx_word' id='word_1_18' title='bbox 1074 315 1134 354; x_wconf 91' lang='lat' dir='ltr'>sed</span> <span class='ocrx_word' id='word_1_19' title='bbox 1162 318 1320 355; x_wconf 88' lang='lat' dir='ltr'>iunioris</span> <span class='ocrx_word' id='word_1_20' title='bbox 1341 317 1529 363; x_wconf 53' lang='lat' dir='ltr'>auctoris,</span> <span class='ocrx_word' id='word_1_21' title='bbox 1551 320 1590 358; x_wconf 73' lang='grc' dir='ltr'>δι</span> <span class='ocrx_word' id='word_1_22' title='bbox 1617 319 1852 359; x_wconf 86' lang='lat' dir='ltr'>Samosaten·</span> 
     </span>
     <span class='ocr_line' id='line_1_4' title="bbox 602 367 1852 421; baseline 0.005 -15"><span class='ocrx_word' id='word_1_23' title='bbox 602 367 680 406; x_wconf 86' lang='lat' dir='ltr'>sem</span> <span class='ocrx_word' id='word_1_24' title='bbox 702 367 859 412; x_wconf 88' lang='lat' dir='ltr'>imitati,</span> <span class='ocrx_word' id='word_1_25' title='bbox 876 369 980 421; x_wconf 90' lang='lat' dir='ltr'>quod</span> <span class='ocrx_word' id='word_1_26' title='bbox 1003 369 1017 417; x_wconf 84' lang='lat'>§</span> <span class='ocrx_word' id='word_1_27' title='bbox 1044 382 1088 406; x_wconf 80' lang='grc' dir='ltr'>ιο</span> <span class='ocrx_word' id='word_1_28' title='bbox 1119 371 1352 409; x_wconf 87' lang='lat' dir='ltr'>monuimus.</span> <span class='ocrx_word' id='word_1_29' title='bbox 1377 370 1570 410; x_wconf 80' lang='lat' dir='ltr'>Iuniorem</span> <span class='ocrx_word' id='word_1_30' title='bbox 1601 373 1768 412; x_wconf 90' lang='lat' dir='ltr'>Luciano</span> <span class='ocrx_word' id='word_1_31' title='bbox 1791 372 1852 411; x_wconf 88' lang='lat' dir='ltr'>su-</span> 
     </span>
     <span class='ocr_line' id='line_1_5' title="bbox 601 419 1851 478; baseline 0.006 -20"><span class='ocrx_word' id='word_1_32' title='bbox 601 419 763 470; x_wconf 85' lang='lat' dir='ltr'>spicatus</span> <span class='ocrx_word' id='word_1_33' title='bbox 794 420 916 460; x_wconf 87' lang='lat' dir='ltr'>fuerat</span> <span class='ocrx_word' id='word_1_34' title='bbox 939 423 1050 461; x_wconf 87' lang='lat' dir='ltr'>etiam</span> <span class='ocrx_word' id='word_1_35' title='bbox 1077 421 1330 470; x_wconf 86' lang='lat' dir='ltr'>Dodwellus,</span> <span class='ocrx_word' id='word_1_36' title='bbox 1359 435 1403 466; x_wconf 89' lang='lat' dir='ltr'>ut</span> <span class='ocrx_word' id='word_1_37' title='bbox 1427 424 1602 464; x_wconf 85' lang='lat' dir='ltr'>vidimus.</span> <span class='ocrx_word' id='word_1_38' title='bbox 1637 426 1851 478; x_wconf 82' lang='lat' dir='ltr'>Suspicatus</span> 
     </span>
     <span class='ocr_line' id='line_1_6' title="bbox 602 473 1852 522; baseline 0.004 -11"><span class='ocrx_word' id='word_1_39' title='bbox 602 473 713 517; x_wconf 86' lang='lat' dir='ltr'>etiam</span> <span class='ocrx_word' id='word_1_40' title='bbox 741 473 864 512; x_wconf 86' lang='lat' dir='ltr'>fuerat</span> <span class='ocrx_word' id='word_1_41' title='bbox 890 475 974 520; x_wconf 81' lang='lat' dir='ltr'>vir,</span> <span class='ocrx_word' id='word_1_42' title='bbox 1007 475 1096 513; x_wconf 87' lang='lat' dir='ltr'>dum</span> <span class='ocrx_word' id='word_1_43' title='bbox 1122 476 1297 522; x_wconf 83' lang='lat' dir='ltr'>viveret,</span> <span class='ocrx_word' id='word_1_44' title='bbox 1327 475 1554 517; x_wconf 66' lang='lat' dir='ltr'>dociissimus</span> <span class='ocrx_word' id='word_1_45' title='bbox 1586 479 1852 518; x_wconf 73' lang='lat' dir='ltr'>MATuRmus</span> 
     </span>
     <span class='ocr_line' id='line_1_7' title="bbox 602 527 1852 583; baseline 0.006 -19"><span class='ocrx_word' id='word_1_46' title='bbox 602 527 836 567; x_wconf 79' lang='lat' dir='ltr'>VEYSSIERE</span> <span class='ocrx_word' id='word_1_47' title='bbox 852 539 905 567; x_wconf 76' lang='lat' dir='ltr'>LA</span> <span class='ocrx_word' id='word_1_48' title='bbox 921 528 1072 568; x_wconf 82' lang='lat' dir='ltr'>CROZE</span> <span class='ocrx_word' id='word_1_49' title='bbox 1085 557 1098 574; x_wconf 92' lang='lat'>,</span> <span class='ocrx_word' id='word_1_50' title='bbox 1119 529 1232 581; x_wconf 88' lang='lat' dir='ltr'>idque</span> <span class='ocrx_word' id='word_1_51' title='bbox 1250 529 1482 568; x_wconf 80' lang='lat' dir='ltr'>indicaverat</span> <span class='ocrx_word' id='word_1_52' title='bbox 1504 532 1542 569; x_wconf 88' lang='lat' dir='ltr'>in</span> <span class='ocrx_word' id='word_1_53' title='bbox 1563 531 1765 583; x_wconf 85' lang='lat' dir='ltr'>specimine</span> <span class='ocrx_word' id='word_1_54' title='bbox 1783 533 1852 571; x_wconf 90' lang='lat' dir='ltr'>ob-</span> 
     </span>
     <span class='ocr_line' id='line_1_8' title="bbox 600 578 1852 637; baseline 0.006 -19"><span class='ocrx_word' id='word_1_55' title='bbox 600 578 863 619; x_wconf 90' lang='lat' dir='ltr'>servationum</span> <span class='ocrx_word' id='word_1_56' title='bbox 885 581 1142 627; x_wconf 84' lang='lat' dir='ltr'>historicarum</span> <span class='ocrx_word' id='word_1_57' title='bbox 1168 584 1204 621; x_wconf 90' lang='lat' dir='ltr'>in</span> <span class='ocrx_word' id='word_1_58' title='bbox 1223 583 1430 622; x_wconf 85' lang='lat' dir='ltr'>Lucianum</span> <span class='ocrx_word' id='word_1_59' title='bbox 1457 594 1468 613; x_wconf 95' lang='lat'>1</span> <span class='ocrx_word' id='word_1_60' title='bbox 1487 597 1495 621; x_wconf 90' lang='lat'>:</span> <span class='ocrx_word' id='word_1_61' title='bbox 1519 585 1708 637; x_wconf 74' lang='lat' dir='ltr'>ac=postea</span> <span class='ocrx_word' id='word_1_62' title='bbox 1729 585 1852 625; x_wconf 87' lang='lat' dir='ltr'>decla·</span> 
     </span>
     <span class='ocr_line' id='line_1_9' title="bbox 602 634 1851 691; baseline 0.003 -17"><span class='ocrx_word' id='word_1_63' title='bbox 602 634 723 679; x_wconf 82' lang='lat' dir='ltr'>ravit,</span> <span class='ocrx_word' id='word_1_64' title='bbox 748 635 844 673; x_wconf 86' lang='lat' dir='ltr'>edita</span> <span class='ocrx_word' id='word_1_65' title='bbox 867 635 938 672; x_wconf 87' lang='lat' dir='ltr'>iam</span> <span class='ocrx_word' id='word_1_66' title='bbox 964 635 1032 673; x_wconf 87' lang='lat' dir='ltr'>hac</span> <span class='ocrx_word' id='word_1_67' title='bbox 1058 635 1305 691; x_wconf 82' lang='lat' dir='ltr'>disputatione</span> <span class='ocrx_word' id='word_1_68' title='bbox 1320 667 1331 682; x_wconf 95' lang='lat'>,</span> <span class='ocrx_word' id='word_1_69' title='bbox 1351 636 1387 674; x_wconf 87' lang='lat' dir='ltr'>in</span> <span class='ocrx_word' id='word_1_70' title='bbox 1413 636 1529 676; x_wconf 85' lang='lat' dir='ltr'>literis</span> <span class='ocrx_word' id='word_1_71' title='bbox 1551 639 1598 676; x_wconf 89' lang='lat' dir='ltr'>ad</span> <span class='ocrx_word' id='word_1_72' title='bbox 1616 651 1784 678; x_wconf 89' lang='lat' dir='ltr'>veterem</span> <span class='ocrx_word' id='word_1_73' title='bbox 1809 639 1851 678; x_wconf 77' lang='grc' dir='ltr'>δε</span> 
     </span>
     <span class='ocr_line' id='line_1_10' title="bbox 599 685 1851 731; baseline 0.006 -7"><span class='ocrx_word' id='word_1_74' title='bbox 599 685 789 725; x_wconf 80' lang='lat' dir='ltr'>summum</span> <span class='ocrx_word' id='word_1_75' title='bbox 811 685 974 726; x_wconf 88' lang='lat' dir='ltr'>amicum</span> <span class='ocrx_word' id='word_1_76' title='bbox 990 701 1115 727; x_wconf 85' lang='lat' dir='ltr'>meum</span> <span class='ocrx_word' id='word_1_77' title='bbox 1131 688 1174 728; x_wconf 91' lang='lat' dir='ltr'>C.</span> <span class='ocrx_word' id='word_1_78' title='bbox 1190 690 1238 728; x_wconf 92' lang='lat' dir='ltr'>A.</span> <span class='ocrx_word' id='word_1_79' title='bbox 1252 690 1546 728; x_wconf 77' lang='lat' dir='ltr'><strong>HEUMANNUM</strong></span> <span class='ocrx_word' id='word_1_80' title='bbox 1569 702 1600 729; x_wconf 87' lang='lat'>2.</span> <span class='ocrx_word' id='word_1_81' title='bbox 1620 692 1729 731; x_wconf 88' lang='lat' dir='ltr'>Ponit</span> <span class='ocrx_word' id='word_1_82' title='bbox 1749 705 1851 731; x_wconf 87' lang='lat' dir='ltr'>nem-</span> 
     </span>
     <span class='ocr_line' id='line_1_11' title="bbox 601 740 1854 795; baseline 0.006 -17"><span class='ocrx_word' id='word_1_83' title='bbox 601 752 651 791; x_wconf 90' lang='lat' dir='ltr'>pe</span> <span class='ocrx_word' id='word_1_84' title='bbox 675 740 908 781; x_wconf 64' lang='lat' dir='ltr'>characteres</span> <span class='ocrx_word' id='word_1_85' title='bbox 936 741 1157 788; x_wconf 79' lang='lat' dir='ltr'>historicos,</span> <span class='ocrx_word' id='word_1_86' title='bbox 1183 743 1327 793; x_wconf 76' lang='lat' dir='ltr'>virgines</span> <span class='ocrx_word' id='word_1_87' title='bbox 1345 745 1456 781; x_wconf 76' lang='lat' dir='ltr'>Cretae</span> <span class='ocrx_word' id='word_1_88' title='bbox 1480 745 1615 795; x_wconf 70' lang='lat' dir='ltr'>cacſszs,</span> <span class='ocrx_word' id='word_1_89' title='bbox 1637 758 1718 784; x_wconf 86' lang='lat' dir='ltr'>non</span> <span class='ocrx_word' id='word_1_90' title='bbox 1743 745 1854 792; x_wconf 89' lang='lat' dir='ltr'>satis,</span> 
     </span>
     <span class='ocr_line' id='line_1_12' title="bbox 600 793 1852 847; baseline 0.005 -15"><span class='ocrx_word' id='word_1_91' title='bbox 600 804 723 845; x_wconf 88' lang='lat' dir='ltr'>puto,</span> <span class='ocrx_word' id='word_1_92' title='bbox 755 793 935 840; x_wconf 82' lang='lat' dir='ltr'>feliciter,</span> <span class='ocrx_word' id='word_1_93' title='bbox 955 806 998 833; x_wconf 90' lang='lat' dir='ltr'>ut</span> <span class='ocrx_word' id='word_1_94' title='bbox 1018 796 1061 833; x_wconf 89' lang='lat' dir='ltr'>ad</span> <span class='ocrx_word' id='word_1_95' title='bbox 1082 808 1113 834; x_wconf 92' lang='lat' dir='ltr'>c.</span> <span class='ocrx_word' id='word_1_96' title='bbox 1140 809 1182 847; x_wconf 80' lang='lat'>13</span> <span class='ocrx_word' id='word_1_97' title='bbox 1209 795 1402 835; x_wconf 75' lang='lat' dir='ltr'>ostendiss&#39;e</span> <span class='ocrx_word' id='word_1_98' title='bbox 1428 798 1516 835; x_wconf 84' lang='lat' dir='ltr'>mihi</span> <span class='ocrx_word' id='word_1_99' title='bbox 1538 797 1693 845; x_wconf 82' lang='lat' dir='ltr'>videor3</span> <span class='ocrx_word' id='word_1_100' title='bbox 1719 799 1852 838; x_wconf 83' lang='lat' dir='ltr'>deinde</span> 
     </span>
     <span class='ocr_line' id='line_1_13' title="bbox 603 846 1850 901; baseline 0.005 -17"><span class='ocrx_word' id='word_1_101' title='bbox 603 859 651 885; x_wconf 87' lang='lat' dir='ltr'>ex</span> <span class='ocrx_word' id='word_1_102' title='bbox 668 846 748 885; x_wconf 85' lang='lat' dir='ltr'>fine</span> <span class='ocrx_word' id='word_1_103' title='bbox 771 847 932 900; x_wconf 81' lang='lat' dir='ltr'>dialogi,</span> <span class='ocrx_word' id='word_1_104' title='bbox 955 850 1151 900; x_wconf 70' lang='lat' dir='ltr'>Aegyptum</span> <span class='ocrx_word' id='word_1_105' title='bbox 1177 850 1211 886; x_wconf 77' lang='lat' dir='ltr'>in</span> <span class='ocrx_word' id='word_1_106' title='bbox 1235 849 1341 901; x_wconf 85' lang='lat' dir='ltr'>officio</span> <span class='ocrx_word' id='word_1_107' title='bbox 1364 865 1431 888; x_wconf 84' lang='lat' dir='ltr'>non</span> <span class='ocrx_word' id='word_1_108' title='bbox 1452 862 1655 898; x_wconf 64' lang='lat' dir='ltr'>manentem,</span> <span class='ocrx_word' id='word_1_109' title='bbox 1681 853 1850 890; x_wconf 67' lang='lat' dir='ltr'>Arabiam</span> 
     </span>
     <span class='ocr_line' id='line_1_14' title="bbox 603 900 1849 958; baseline 0.006 -21"><span class='ocrx_word' id='word_1_110' title='bbox 603 900 638 937; x_wconf 68' lang='grc' dir='ltr'>δ’</span> <span class='ocrx_word' id='word_1_111' title='bbox 661 900 786 950; x_wconf 83' lang='lat' dir='ltr'><em>Susam</em></span> <span class='ocrx_word' id='word_1_112' title='bbox 809 902 898 939; x_wconf 77' lang='lat' dir='ltr'>brevi</span> <span class='ocrx_word' id='word_1_113' title='bbox 917 902 1134 949; x_wconf 74' lang='lat' dir='ltr'>vincendam,</span> <span class='ocrx_word' id='word_1_114' title='bbox 1151 902 1365 955; x_wconf 77' lang='lat' dir='ltr'>supercilium</span> <span class='ocrx_word' id='word_1_115' title='bbox 1388 904 1565 954; x_wconf 72' lang='lat' dir='ltr'>Pcrfimmz</span> <span class='ocrx_word' id='word_1_116' title='bbox 1583 903 1849 958; x_wconf 58' lang='lat' dir='ltr'>(Palmyram)</span> 
     </span>
     <span class='ocr_line' id='line_1_15' title="bbox 601 953 1849 1007; baseline 0.005 -17"><span class='ocrx_word' id='word_1_117' title='bbox 601 953 782 992; x_wconf 58' lang='lat' dir='ltr'>deieaum:</span> <span class='ocrx_word' id='word_1_118' title='bbox 802 967 900 1006; x_wconf 86' lang='lat' dir='ltr'>quae</span> <span class='ocrx_word' id='word_1_119' title='bbox 923 956 1071 1006; x_wconf 86' lang='lat' dir='ltr'>quidem</span> <span class='ocrx_word' id='word_1_120' title='bbox 1099 955 1300 994; x_wconf 85' lang='lat' dir='ltr'>commode</span> <span class='ocrx_word' id='word_1_121' title='bbox 1324 957 1504 1007; x_wconf 87' lang='lat' dir='ltr'>applicari</span> <span class='ocrx_word' id='word_1_122' title='bbox 1529 957 1573 996; x_wconf 85' lang='lat' dir='ltr'>ad</span> <span class='ocrx_word' id='word_1_123' title='bbox 1598 958 1849 997; x_wconf 79' lang='lat' dir='ltr'>Aurelianum</span> 
     </span>
     <span class='ocr_line' id='line_1_16' title="bbox 602 1006 1852 1059; baseline 0.005 -15"><span class='ocrx_word' id='word_1_124' title='bbox 602 1006 731 1057; x_wconf 74' lang='lat' dir='ltr'>posse,</span> <span class='ocrx_word' id='word_1_125' title='bbox 759 1018 903 1046; x_wconf 89' lang='lat' dir='ltr'>certum</span> <span class='ocrx_word' id='word_1_126' title='bbox 936 1007 999 1046; x_wconf 80' lang='lat' dir='ltr'>est.</span> <span class='ocrx_word' id='word_1_127' title='bbox 1038 1008 1236 1059; x_wconf 85' lang='lat' dir='ltr'>Superest,</span> <span class='ocrx_word' id='word_1_128' title='bbox 1268 1020 1309 1047; x_wconf 89' lang='lat' dir='ltr'>ut</span> <span class='ocrx_word' id='word_1_129' title='bbox 1337 1010 1637 1049; x_wconf 73' lang='lat' dir='ltr'>animadvertant</span> <span class='ocrx_word' id='word_1_130' title='bbox 1667 1010 1852 1059; x_wconf 61' lang='lat' dir='ltr'>lectores,</span> 
     </span>
     <span class='ocr_line' id='line_1_17' title="bbox 600 1059 1849 1117; baseline 0.006 -20"><span class='ocrx_word' id='word_1_131' title='bbox 600 1059 721 1098; x_wconf 77' lang='lat' dir='ltr'>sintne</span> <span class='ocrx_word' id='word_1_132' title='bbox 745 1073 790 1099; x_wconf 89' lang='lat' dir='ltr'>ea</span> <span class='ocrx_word' id='word_1_133' title='bbox 822 1075 844 1099; x_wconf 88' lang='lat' dir='ltr'>a</span> <span class='ocrx_word' id='word_1_134' title='bbox 873 1061 988 1100; x_wconf 86' lang='lat' dir='ltr'>nobis</span> <span class='ocrx_word' id='word_1_135' title='bbox 1021 1062 1168 1113; x_wconf 86' lang='lat' dir='ltr'>prolata</span> <span class='ocrx_word' id='word_1_136' title='bbox 1191 1063 1230 1099; x_wconf 91' lang='lat' dir='ltr'>in</span> <span class='ocrx_word' id='word_1_137' title='bbox 1255 1062 1334 1108; x_wconf 81' lang='lat' dir='ltr'>his,</span> <span class='ocrx_word' id='word_1_138' title='bbox 1364 1076 1461 1112; x_wconf 84' lang='lat' dir='ltr'>quae</span> <span class='ocrx_word' id='word_1_139' title='bbox 1489 1063 1723 1115; x_wconf 89' lang='lat' dir='ltr'>sequuntur,</span> <span class='ocrx_word' id='word_1_140' title='bbox 1749 1077 1849 1117; x_wconf 83' lang='lat' dir='ltr'>quae</span> 
     </span>
     <span class='ocr_line' id='line_1_18' title="bbox 602 1113 1645 1166; baseline 0.005 -15"><span class='ocrx_word' id='word_1_141' title='bbox 602 1113 804 1152; x_wconf 80' lang='lat' dir='ltr'>excludant</span> <span class='ocrx_word' id='word_1_142' title='bbox 825 1114 1087 1157; x_wconf 84' lang='lat' dir='ltr'>Aurelianum.</span> <span class='ocrx_word' id='word_1_143' title='bbox 1113 1115 1209 1153; x_wconf 86' lang='lat' dir='ltr'>Mihi</span> <span class='ocrx_word' id='word_1_144' title='bbox 1233 1115 1383 1166; x_wconf 86' lang='lat' dir='ltr'>quidem</span> <span class='ocrx_word' id='word_1_145' title='bbox 1412 1118 1461 1154; x_wconf 86' lang='lat' dir='ltr'>ita</span> <span class='ocrx_word' id='word_1_146' title='bbox 1483 1117 1645 1156; x_wconf 75' lang='lat' dir='ltr'>videtur.</span> 
     </span>
    </p>

    <p class='ocr_par' dir='ltr' id='par_1_3' title="bbox 568 1165 1850 2286">
     <span class='ocr_line' id='line_1_19' title="bbox 664 1165 1850 1218; baseline 0.005 -14"><span class='ocrx_word' id='word_1_147' title='bbox 664 1165 826 1205; x_wconf 87' lang='lat' dir='ltr'>XXVII.</span> <span class='ocrx_word' id='word_1_148' title='bbox 857 1167 1017 1218; x_wconf 84' lang='lat' dir='ltr'>Quanta</span> <span class='ocrx_word' id='word_1_149' title='bbox 1045 1181 1133 1207; x_wconf 88' lang='lat' dir='ltr'>cum</span> <span class='ocrx_word' id='word_1_150' title='bbox 1159 1167 1432 1208; x_wconf 67' lang='lat' dir='ltr'>asseveratione</span> <span class='ocrx_word' id='word_1_151' title='bbox 1461 1171 1646 1209; x_wconf 85' lang='lat' dir='ltr'>iuniorem</span> <span class='ocrx_word' id='word_1_152' title='bbox 1678 1170 1850 1210; x_wconf 88' lang='lat' dir='ltr'>Luciano</span> 
     </span>
     <span class='ocr_line' id='line_1_20' title="bbox 602 1218 1850 1272; baseline 0.002 -13"><span class='ocrx_word' id='word_1_153' title='bbox 602 1218 713 1259; x_wconf 82' lang='lat' dir='ltr'>faciat</span> <span class='ocrx_word' id='word_1_154' title='bbox 733 1219 961 1272; x_wconf 77' lang='lat' dir='ltr'>philopatrin</span> <span class='ocrx_word' id='word_1_155' title='bbox 983 1222 1207 1266; x_wconf 74' lang='lat' dir='ltr'>Mofflus,</span> <span class='ocrx_word' id='word_1_156' title='bbox 1233 1222 1435 1262; x_wconf 85' lang='lat' dir='ltr'>indicatum</span> <span class='ocrx_word' id='word_1_157' title='bbox 1460 1222 1524 1262; x_wconf 86' lang='lat' dir='ltr'>est.</span> <span class='ocrx_word' id='word_1_158' title='bbox 1552 1224 1670 1262; x_wconf 85' lang='lat' dir='ltr'>Etiam</span> <span class='ocrx_word' id='word_1_159' title='bbox 1697 1225 1771 1262; x_wconf 87' lang='lat' dir='ltr'>hoc</span> <span class='ocrx_word' id='word_1_160' title='bbox 1790 1237 1850 1262; x_wconf 86' lang='lat' dir='ltr'>re-</span> 
     </span>
     <span class='ocr_line' id='line_1_21' title="bbox 602 1272 1849 1329; baseline 0.003 -17"><span class='ocrx_word' id='word_1_161' title='bbox 602 1273 662 1312; x_wconf 68' lang='lat' dir='ltr'>&amp;e</span> <span class='ocrx_word' id='word_1_162' title='bbox 695 1272 806 1319; x_wconf 76' lang='lat' dir='ltr'>vidit,</span> <span class='ocrx_word' id='word_1_163' title='bbox 833 1273 899 1313; x_wconf 84' lang='lat' dir='ltr'>sub</span> <span class='ocrx_word' id='word_1_164' title='bbox 932 1275 1162 1329; x_wconf 80' lang='lat' dir='ltr'>imperatore</span> <span class='ocrx_word' id='word_1_165' title='bbox 1190 1274 1403 1314; x_wconf 83' lang='lat' dir='ltr'>Christiano</span> <span class='ocrx_word' id='word_1_166' title='bbox 1428 1289 1506 1315; x_wconf 88' lang='lat' dir='ltr'>non</span> <span class='ocrx_word' id='word_1_167' title='bbox 1538 1276 1716 1316; x_wconf 86' lang='lat' dir='ltr'>ausurum</span> <span class='ocrx_word' id='word_1_168' title='bbox 1745 1276 1849 1316; x_wconf 82' lang='lat' dir='ltr'>fuiffe</span> 
     </span>
     <span class='ocr_line' id='line_1_22' title="bbox 600 1327 1850 1380; baseline 0.004 -16"><span class='ocrx_word' id='word_1_169' title='bbox 600 1339 833 1377; x_wconf 84' lang='lat' dir='ltr'>quemquam</span> <span class='ocrx_word' id='word_1_170' title='bbox 860 1328 897 1366; x_wconf 90' lang='lat' dir='ltr'>in</span> <span class='ocrx_word' id='word_1_171' title='bbox 920 1327 1050 1366; x_wconf 85' lang='lat' dir='ltr'>libello</span> <span class='ocrx_word' id='word_1_172' title='bbox 1065 1358 1075 1374; x_wconf 95' lang='lat'>,</span> <span class='ocrx_word' id='word_1_173' title='bbox 1096 1342 1175 1380; x_wconf 90' lang='lat' dir='ltr'>quo</span> <span class='ocrx_word' id='word_1_174' title='bbox 1198 1328 1246 1366; x_wconf 89' lang='lat' dir='ltr'>illi</span> <span class='ocrx_word' id='word_1_175' title='bbox 1273 1329 1464 1368; x_wconf 77' lang='lat' dir='ltr'>adulatum</span> <span class='ocrx_word' id='word_1_176' title='bbox 1488 1331 1657 1377; x_wconf 78' lang='lat' dir='ltr'>veniret,</span> <span class='ocrx_word' id='word_1_177' title='bbox 1685 1330 1781 1369; x_wconf 86' lang='lat' dir='ltr'>adeo</span> <span class='ocrx_word' id='word_1_178' title='bbox 1800 1331 1850 1369; x_wconf 76' lang='lat' dir='ltr'>ir-</span> 
     </span>
     <span class='ocr_line' id='line_1_23' title="bbox 600 1379 1849 1434; baseline 0.005 -17"><span class='ocrx_word' id='word_1_179' title='bbox 600 1379 694 1417; x_wconf 79' lang='lat' dir='ltr'>risui</span> <span class='ocrx_word' id='word_1_180' title='bbox 714 1380 852 1419; x_wconf 85' lang='lat' dir='ltr'>habere</span> <span class='ocrx_word' id='word_1_181' title='bbox 872 1381 1096 1432; x_wconf 78' lang='lat' dir='ltr'>religionem</span> <span class='ocrx_word' id='word_1_182' title='bbox 1118 1381 1377 1420; x_wconf 80' lang='lat' dir='ltr'>Christianam.</span> <span class='ocrx_word' id='word_1_183' title='bbox 1400 1382 1530 1434; x_wconf 84' lang='lat' dir='ltr'>Itaque</span> <span class='ocrx_word' id='word_1_184' title='bbox 1552 1385 1717 1422; x_wconf 87' lang='lat' dir='ltr'>removit</span> <span class='ocrx_word' id='word_1_185' title='bbox 1739 1396 1759 1421; x_wconf 91' lang='lat' dir='ltr'>a</span> <span class='ocrx_word' id='word_1_186' title='bbox 1780 1384 1849 1423; x_wconf 87' lang='lat' dir='ltr'>bo-</span> 
     </span>
     <span class='ocr_line' id='line_1_24' title="bbox 601 1435 1847 1488; baseline 0.003 -16"><span class='ocrx_word' id='word_1_187' title='bbox 601 1446 649 1472; x_wconf 78' lang='lat' dir='ltr'>na</span> <span class='ocrx_word' id='word_1_188' title='bbox 677 1443 799 1472; x_wconf 87' lang='lat' dir='ltr'>aetate</span> <span class='ocrx_word' id='word_1_189' title='bbox 828 1445 1011 1485; x_wconf 85' lang='lat' dir='ltr'>quantum</span> <span class='ocrx_word' id='word_1_190' title='bbox 1038 1437 1165 1486; x_wconf 85' lang='lat' dir='ltr'>potuit</span> <span class='ocrx_word' id='word_1_191' title='bbox 1189 1435 1420 1485; x_wconf 70' lang='lat' dir='ltr'>philopatrin</span> <span class='ocrx_word' id='word_1_192' title='bbox 1436 1465 1445 1482; x_wconf 89' lang='lat'>,</span> <span class='ocrx_word' id='word_1_193' title='bbox 1470 1435 1726 1488; x_wconf 86' lang='lat' dir='ltr'>scriptumque</span> <span class='ocrx_word' id='word_1_194' title='bbox 1749 1436 1847 1476; x_wconf 61' lang='lat' dir='ltr'>Dio-</span> 
     </span>
     <span class='ocr_line' id='line_1_25' title="bbox 600 1486 1849 1541; baseline 0.004 -18"><span class='ocrx_word' id='word_1_195' title='bbox 600 1486 763 1524; x_wconf 87' lang='lat' dir='ltr'>cletiano</span> <span class='ocrx_word' id='word_1_196' title='bbox 786 1499 910 1525; x_wconf 86' lang='lat' dir='ltr'>rerum</span> <span class='ocrx_word' id='word_1_197' title='bbox 930 1487 1102 1538; x_wconf 89' lang='lat' dir='ltr'>potiente</span> <span class='ocrx_word' id='word_1_198' title='bbox 1122 1488 1259 1526; x_wconf 87' lang='lat' dir='ltr'>voluit.</span> <span class='ocrx_word' id='word_1_199' title='bbox 1286 1489 1359 1527; x_wconf 89' lang='lat' dir='ltr'>Hic</span> <span class='ocrx_word' id='word_1_200' title='bbox 1380 1488 1506 1540; x_wconf 81' lang='lat' dir='ltr'>itaque</span> <span class='ocrx_word' id='word_1_201' title='bbox 1529 1491 1699 1532; x_wconf 84' lang='lat' dir='ltr'>omnium</span> <span class='ocrx_word' id='word_1_202' title='bbox 1719 1490 1849 1541; x_wconf 87' lang='lat' dir='ltr'>proxi-</span> 
     </span>
     <span class='ocr_line' id='line_1_26' title="bbox 601 1539 1847 1594; baseline 0.004 -17"><span class='ocrx_word' id='word_1_203' title='bbox 601 1552 664 1578; x_wconf 86' lang='lat' dir='ltr'>me</span> <span class='ocrx_word' id='word_1_204' title='bbox 694 1539 740 1577; x_wconf 91' lang='lat' dir='ltr'>ab</span> <span class='ocrx_word' id='word_1_205' title='bbox 766 1552 810 1578; x_wconf 90' lang='lat' dir='ltr'>ea</span> <span class='ocrx_word' id='word_1_206' title='bbox 834 1539 1014 1579; x_wconf 87' lang='lat' dir='ltr'>sententia</span> <span class='ocrx_word' id='word_1_207' title='bbox 1044 1540 1168 1588; x_wconf 84' lang='lat' dir='ltr'>abest,</span> <span class='ocrx_word' id='word_1_208' title='bbox 1200 1554 1312 1592; x_wconf 88' lang='lat' dir='ltr'>quam</span> <span class='ocrx_word' id='word_1_209' title='bbox 1344 1554 1436 1580; x_wconf 74' lang='lat' dir='ltr'>mox</span> <span class='ocrx_word' id='word_1_210' title='bbox 1467 1555 1728 1594; x_wconf 80' lang='lat' dir='ltr'>proponemus</span> <span class='ocrx_word' id='word_1_211' title='bbox 1747 1571 1757 1588; x_wconf 97' lang='lat'>,</span> <span class='ocrx_word' id='word_1_212' title='bbox 1781 1544 1847 1583; x_wconf 87' lang='lat' dir='ltr'>ubi</span> 
     </span>
     <span class='ocr_line' id='line_1_27' title="bbox 568 1592 1847 1646; baseline 0.004 -16"><span class='ocrx_word' id='word_1_213' title='bbox 568 1604 570 1607; x_wconf 86' lang='lat'>·</span> <span class='ocrx_word' id='word_1_214' title='bbox 600 1605 674 1630; x_wconf 87' lang='lat' dir='ltr'>cur</span> <span class='ocrx_word' id='word_1_215' title='bbox 701 1593 736 1631; x_wconf 93' lang='lat' dir='ltr'>in</span> <span class='ocrx_word' id='word_1_216' title='bbox 762 1592 1045 1632; x_wconf 85' lang='lat' dir='ltr'>Diocletianum</span> <span class='ocrx_word' id='word_1_217' title='bbox 1079 1607 1156 1632; x_wconf 92' lang='lat' dir='ltr'>non</span> <span class='ocrx_word' id='word_1_218' title='bbox 1183 1595 1355 1633; x_wconf 78' lang='lat' dir='ltr'>videatur</span> <span class='ocrx_word' id='word_1_219' title='bbox 1379 1607 1619 1646; x_wconf 86' lang='lat' dir='ltr'>competere,</span> <span class='ocrx_word' id='word_1_220' title='bbox 1643 1595 1847 1635; x_wconf 76' lang='lat' dir='ltr'>ostenderi-</span> 
     </span>
     <span class='ocr_line' id='line_1_28' title="bbox 601 1646 1846 1699; baseline 0.003 -15"><span class='ocrx_word' id='word_1_221' title='bbox 601 1659 696 1685; x_wconf 86' lang='lat' dir='ltr'>mus.</span> <span class='ocrx_word' id='word_1_222' title='bbox 721 1646 816 1684; x_wconf 88' lang='lat' dir='ltr'>Nam</span> <span class='ocrx_word' id='word_1_223' title='bbox 841 1646 867 1684; x_wconf 83' lang='lat' dir='ltr'>si</span> <span class='ocrx_word' id='word_1_224' title='bbox 889 1647 964 1686; x_wconf 89' lang='lat' dir='ltr'>hoc</span> <span class='ocrx_word' id='word_1_225' title='bbox 987 1648 1140 1699; x_wconf 85' lang='lat' dir='ltr'>planum</span> <span class='ocrx_word' id='word_1_226' title='bbox 1163 1646 1387 1694; x_wconf 85' lang='lat' dir='ltr'>fecerimus,</span> <span class='ocrx_word' id='word_1_227' title='bbox 1413 1649 1633 1688; x_wconf 81' lang='lat' dir='ltr'>nihilnobis</span> <span class='ocrx_word' id='word_1_228' title='bbox 1655 1649 1797 1694; x_wconf 84' lang='lat' dir='ltr'>obstat,</span> <span class='ocrx_word' id='word_1_229' title='bbox 1818 1649 1846 1688; x_wconf 79' lang='lat' dir='ltr'>si</span> 
     </span>
     <span class='ocr_line' id='line_1_29' title="bbox 599 1699 1846 1751; baseline 0.003 -14"><span class='ocrx_word' id='word_1_230' title='bbox 599 1700 786 1749; x_wconf 86' lang='lat' dir='ltr'>quaedam</span> <span class='ocrx_word' id='word_1_231' title='bbox 815 1699 910 1744; x_wconf 75' lang='lat' dir='ltr'>sint,</span> <span class='ocrx_word' id='word_1_232' title='bbox 937 1713 1034 1751; x_wconf 85' lang='lat' dir='ltr'>quae</span> <span class='ocrx_word' id='word_1_233' title='bbox 1057 1700 1101 1738; x_wconf 88' lang='lat' dir='ltr'>ad</span> <span class='ocrx_word' id='word_1_234' title='bbox 1130 1700 1410 1740; x_wconf 83' lang='lat' dir='ltr'>Diocletianum</span> <span class='ocrx_word' id='word_1_235' title='bbox 1438 1703 1477 1740; x_wconf 71' lang='grc' dir='ltr'>δι</span> <span class='ocrx_word' id='word_1_236' title='bbox 1502 1702 1550 1741; x_wconf 88' lang='grc' dir='ltr'>Α.</span> <span class='ocrx_word' id='word_1_237' title='bbox 1573 1703 1617 1742; x_wconf 88' lang='lat' dir='ltr'>C.</span> <span class='ocrx_word' id='word_1_238' title='bbox 1640 1713 1846 1751; x_wconf 78' lang='lat' dir='ltr'>ccxcvn,</span> 
     </span>
     <span class='ocr_line' id='line_1_30' title="bbox 603 1751 1845 1808; baseline 0.004 -18"><span class='ocrx_word' id='word_1_239' title='bbox 603 1751 706 1791; x_wconf 82' lang='lat' dir='ltr'>hunc</span> <span class='ocrx_word' id='word_1_240' title='bbox 728 1754 826 1791; x_wconf 87' lang='lat' dir='ltr'>enim</span> <span class='ocrx_word' id='word_1_241' title='bbox 854 1752 936 1805; x_wconf 87' lang='lat' dir='ltr'>post</span> <span class='ocrx_word' id='word_1_242' title='bbox 958 1753 1244 1793; x_wconf 68' lang='lat' dir='ltr'>ssuciuationem</span> <span class='ocrx_word' id='word_1_243' title='bbox 1265 1755 1426 1806; x_wconf 82' lang='lat' dir='ltr'>aliquam</span> <span class='ocrx_word' id='word_1_244' title='bbox 1451 1757 1582 1805; x_wconf 78' lang='lat' dir='ltr'>ponit,</span> <span class='ocrx_word' id='word_1_245' title='bbox 1604 1756 1733 1795; x_wconf 80' lang='lat' dir='ltr'>referri</span> <span class='ocrx_word' id='word_1_246' title='bbox 1759 1756 1845 1808; x_wconf 84' lang='lat' dir='ltr'>pos-</span> 
     </span>
     <span class='ocr_line' id='line_1_31' title="bbox 599 1802 1843 1862; baseline 0.004 -19"><span class='ocrx_word' id='word_1_247' title='bbox 599 1804 681 1843; x_wconf 74' lang='lat' dir='ltr'>sint.</span> <span class='ocrx_word' id='word_1_248' title='bbox 726 1807 858 1858; x_wconf 85' lang='lat' dir='ltr'>Itaque</span> <span class='ocrx_word' id='word_1_249' title='bbox 885 1805 985 1846; x_wconf 68' lang='lat' dir='ltr'>dicito</span> <span class='ocrx_word' id='word_1_250' title='bbox 1013 1807 1243 1846; x_wconf 83' lang='lat' dir='ltr'>Diocletiani</span> <span class='ocrx_word' id='word_1_251' title='bbox 1275 1809 1438 1859; x_wconf 78' lang='lat' dir='ltr'>tempori</span> <span class='ocrx_word' id='word_1_252' title='bbox 1473 1802 1660 1861; x_wconf 76' lang='lat' dir='ltr'>repugnat</span> <span class='ocrx_word' id='word_1_253' title='bbox 1693 1810 1843 1862; x_wconf 84' lang='lat' dir='ltr'>primo,</span> 
     </span>
     <span class='ocr_line' id='line_1_32' title="bbox 595 1857 1845 1913; baseline 0.002 -16"><span class='ocrx_word' id='word_1_254' title='bbox 595 1860 707 1909; x_wconf 80' lang='lat' dir='ltr'>quod</span> <span class='ocrx_word' id='word_1_255' title='bbox 728 1860 765 1897; x_wconf 94' lang='lat' dir='ltr'>in</span> <span class='ocrx_word' id='word_1_256' title='bbox 788 1859 940 1911; x_wconf 80' lang='lat' dir='ltr'>dialogo</span> <span class='ocrx_word' id='word_1_257' title='bbox 958 1859 1093 1899; x_wconf 84' lang='lat' dir='ltr'>&#39;nostro</span> <span class='ocrx_word' id='word_1_258' title='bbox 1112 1862 1225 1900; x_wconf 87' lang='lat' dir='ltr'>unius</span> <span class='ocrx_word' id='word_1_259' title='bbox 1248 1862 1365 1900; x_wconf 86' lang='lat' dir='ltr'>modo</span> <span class='ocrx_word' id='word_1_260' title='bbox 1387 1857 1650 1913; x_wconf 67' lang='grc' dir='ltr'>αὐτοκράτορος</span> <span class='ocrx_word' id='word_1_261' title='bbox 1672 1861 1714 1900; x_wconf 85' lang='lat' dir='ltr'>fit</span> <span class='ocrx_word' id='word_1_262' title='bbox 1741 1875 1845 1900; x_wconf 87' lang='lat' dir='ltr'>men-</span> 
     </span>
     <span class='ocr_line' id='line_1_33' title="bbox 598 1913 1845 1966; baseline 0.005 -18"><span class='ocrx_word' id='word_1_263' title='bbox 598 1913 676 1951; x_wconf 83' lang='lat' dir='ltr'>tio:</span> <span class='ocrx_word' id='word_1_264' title='bbox 704 1913 968 1953; x_wconf 83' lang='lat' dir='ltr'>Diocletianus</span> <span class='ocrx_word' id='word_1_265' title='bbox 984 1926 1110 1952; x_wconf 86' lang='lat' dir='ltr'>autem</span> <span class='ocrx_word' id='word_1_266' title='bbox 1131 1926 1348 1966; x_wconf 82' lang='lat' dir='ltr'>reportatae</span> <span class='ocrx_word' id='word_1_267' title='bbox 1369 1915 1553 1954; x_wconf 67' lang='lat' dir='ltr'>vicioriae</span> <span class='ocrx_word' id='word_1_268' title='bbox 1568 1914 1733 1954; x_wconf 78' lang='lat' dir='ltr'>Persicae</span> <span class='ocrx_word' id='word_1_269' title='bbox 1751 1927 1845 1954; x_wconf 87' lang='lat' dir='ltr'>tem·</span> 
     </span>
     <span class='ocr_line' id='line_1_34' title="bbox 597 1967 1842 2020; baseline 0.003 -17"><span class='ocrx_word' id='word_1_270' title='bbox 597 1978 715 2015; x_wconf 85' lang='lat' dir='ltr'>pore,</span> <span class='ocrx_word' id='word_1_271' title='bbox 740 1979 1008 2018; x_wconf 83' lang='lat' dir='ltr'>quemcunque</span> <span class='ocrx_word' id='word_1_272' title='bbox 1033 1967 1183 2006; x_wconf 84' lang='lat' dir='ltr'>demum</span> <span class='ocrx_word' id='word_1_273' title='bbox 1210 1968 1258 2006; x_wconf 90' lang='lat' dir='ltr'>illi</span> <span class='ocrx_word' id='word_1_274' title='bbox 1287 1981 1425 2006; x_wconf 85' lang='lat' dir='ltr'>annum</span> <span class='ocrx_word' id='word_1_275' title='bbox 1450 1967 1630 2019; x_wconf 83' lang='lat' dir='ltr'>affignes,</span> <span class='ocrx_word' id='word_1_276' title='bbox 1658 1969 1842 2020; x_wconf 81' lang='lat' dir='ltr'>collegam</span> 
     </span>
     <span class='ocr_line' id='line_1_35' title="bbox 598 2018 1843 2072; baseline 0.003 -15"><span class='ocrx_word' id='word_1_277' title='bbox 598 2018 730 2057; x_wconf 81' lang='lat' dir='ltr'>habuit</span> <span class='ocrx_word' id='word_1_278' title='bbox 751 2018 933 2071; x_wconf 77' lang='lat' dir='ltr'>potestate</span> <span class='ocrx_word' id='word_1_279' title='bbox 961 2020 1026 2058; x_wconf 77' lang='lat' dir='ltr'>sibi</span> <span class='ocrx_word' id='word_1_280' title='bbox 1052 2031 1254 2072; x_wconf 85' lang='lat' dir='ltr'>aequatum</span> <span class='ocrx_word' id='word_1_281' title='bbox 1271 2049 1280 2066; x_wconf 85' lang='lat'>,</span> <span class='ocrx_word' id='word_1_282' title='bbox 1310 2021 1545 2060; x_wconf 83' lang='lat' dir='ltr'>Herculium.</span> <span class='ocrx_word' id='word_1_283' title='bbox 1570 2022 1661 2060; x_wconf 85' lang='lat' dir='ltr'>Non</span> <span class='ocrx_word' id='word_1_284' title='bbox 1693 2023 1843 2061; x_wconf 70' lang='lat' dir='ltr'>videtur</span> 
     </span>
     <span class='ocr_line' id='line_1_36' title="bbox 599 2074 1841 2126; baseline 0.004 -17"><span class='ocrx_word' id='word_1_285' title='bbox 599 2084 752 2119; x_wconf 76' lang='lat' dir='ltr'>autem,</span> <span class='ocrx_word' id='word_1_286' title='bbox 779 2074 881 2123; x_wconf 91' lang='lat' dir='ltr'>quod</span> <span class='ocrx_word' id='word_1_287' title='bbox 912 2074 948 2111; x_wconf 82' lang='lat' dir='ltr'>in</span> <span class='ocrx_word' id='word_1_288' title='bbox 975 2076 1233 2112; x_wconf 84' lang='lat' dir='ltr'>monumentis</span> <span class='ocrx_word' id='word_1_289' title='bbox 1257 2074 1414 2126; x_wconf 82' lang='lat' dir='ltr'>publicis</span> <span class='ocrx_word' id='word_1_290' title='bbox 1441 2086 1521 2112; x_wconf 86' lang='lat' dir='ltr'>rum</span> <span class='ocrx_word' id='word_1_291' title='bbox 1547 2074 1841 2121; x_wconf 83' lang='lat' dir='ltr'>observabatur,</span> 
     </span>
     <span class='ocr_line' id='line_1_37' title="bbox 596 2125 1844 2178; baseline 0.003 -16"><span class='ocrx_word' id='word_1_292' title='bbox 596 2125 808 2177; x_wconf 58' lang='lat' dir='ltr'>neglcciuin</span> <span class='ocrx_word' id='word_1_293' title='bbox 835 2139 855 2163; x_wconf 88' lang='lat' dir='ltr'>a</span> <span class='ocrx_word' id='word_1_294' title='bbox 876 2126 1045 2177; x_wconf 72' lang='lat' dir='ltr'>Sophiiia</span> <span class='ocrx_word' id='word_1_295' title='bbox 1071 2126 1272 2174; x_wconf 85' lang='lat' dir='ltr'>famelico,</span> <span class='ocrx_word' id='word_1_296' title='bbox 1298 2127 1402 2178; x_wconf 89' lang='lat' dir='ltr'>quod</span> <span class='ocrx_word' id='word_1_297' title='bbox 1427 2140 1546 2178; x_wconf 78' lang='lat' dir='ltr'>genus</span> <span class='ocrx_word' id='word_1_298' title='bbox 1571 2129 1696 2178; x_wconf 85' lang='lat' dir='ltr'>plures</span> <span class='ocrx_word' id='word_1_299' title='bbox 1717 2127 1844 2166; x_wconf 82' lang='lat' dir='ltr'>adula-</span> 
     </span>
     <span class='ocr_line' id='line_1_38' title="bbox 596 2177 1845 2233; baseline 0.004 -18"><span class='ocrx_word' id='word_1_300' title='bbox 596 2178 703 2216; x_wconf 80' lang='lat' dir='ltr'>tione</span> <span class='ocrx_word' id='word_1_301' title='bbox 737 2177 938 2231; x_wconf 61' lang='lat' dir='ltr'>complecti</span> <span class='ocrx_word' id='word_1_302' title='bbox 971 2179 1073 2217; x_wconf 76' lang='lat' dir='ltr'>soler.</span> <span class='ocrx_word' id='word_1_303' title='bbox 1111 2180 1259 2230; x_wconf 84' lang='lat' dir='ltr'>Deinde</span> <span class='ocrx_word' id='word_1_304' title='bbox 1290 2179 1404 2219; x_wconf 77' lang='lat' dir='ltr'>senex</span> <span class='ocrx_word' id='word_1_305' title='bbox 1434 2181 1493 2218; x_wconf 89' lang='lat' dir='ltr'>illa</span> <span class='ocrx_word' id='word_1_306' title='bbox 1524 2180 1741 2233; x_wconf 86' lang='lat' dir='ltr'>tempestate</span> <span class='ocrx_word' id='word_1_307' title='bbox 1774 2180 1845 2220; x_wconf 84' lang='lat' dir='ltr'>fuit</span> 
     </span>
     <span class='ocr_line' id='line_1_39' title="bbox 595 2230 1844 2286; baseline 0.002 -16"><span class='ocrx_word' id='word_1_308' title='bbox 595 2230 884 2279; x_wconf 81' lang='lat' dir='ltr'>Diocletianus,</span> <span class='ocrx_word' id='word_1_309' title='bbox 915 2245 1076 2285; x_wconf 82' lang='lat' dir='ltr'>eamque</span> <span class='ocrx_word' id='word_1_310' title='bbox 1103 2232 1250 2273; x_wconf 83' lang='lat' dir='ltr'>causam</span> <span class='ocrx_word' id='word_1_311' title='bbox 1279 2234 1455 2286; x_wconf 80' lang='lat' dir='ltr'>allegavit</span> <span class='ocrx_word' id='word_1_312' title='bbox 1482 2234 1724 2286; x_wconf 84' lang='lat' dir='ltr'>deponendae</span> <span class='ocrx_word' id='word_1_313' title='bbox 1749 2247 1844 2273; x_wconf 83' lang='lat' dir='ltr'>mox</span> 
     </span>
    </p>
   </div>
   <div class='ocr_carea' id='block_1_3' title="bbox 592 2360 1839 2494">
    <p class='ocr_par' dir='ltr' id='par_1_4' title="bbox 592 2360 1839 2494">
     <span class='ocr_line' id='line_1_40' title="bbox 643 2360 1839 2405; baseline 0.001 -12"><span class='ocrx_word' id='word_1_314' title='bbox 643 2373 656 2393; x_wconf 83' lang='lat'>1</span> <span class='ocrx_word' id='word_1_315' title='bbox 685 2361 845 2394; x_wconf 80' lang='lat' dir='ltr'>Insertum</span> <span class='ocrx_word' id='word_1_316' title='bbox 866 2362 897 2393; x_wconf 89' lang='lat' dir='ltr'>id</span> <span class='ocrx_word' id='word_1_317' title='bbox 912 2361 955 2395; x_wconf 85' lang='lat' dir='ltr'>est</span> <span class='ocrx_word' id='word_1_318' title='bbox 968 2362 1187 2395; x_wconf 82' lang='lat' dir='ltr'>Miscellaneis</span> <span class='ocrx_word' id='word_1_319' title='bbox 1293 2373 1312 2394; x_wconf 88' lang='lat'>2</span> <span class='ocrx_word' id='word_1_320' title='bbox 1338 2361 1403 2403; x_wconf 82' lang='lat' dir='ltr'>Qui</span> <span class='ocrx_word' id='word_1_321' title='bbox 1425 2362 1495 2393; x_wconf 79' lang='lat' dir='ltr'>illas</span> <span class='ocrx_word' id='word_1_322' title='bbox 1519 2360 1739 2405; x_wconf 70' lang='lat' dir='ltr'>publici-iuris</span> <span class='ocrx_word' id='word_1_323' title='bbox 1760 2361 1839 2394; x_wconf 76' lang='lat' dir='ltr'>fecit</span> 
     </span>
     <span class='ocr_line' id='line_1_41' title="bbox 592 2405 1779 2494; baseline 0.003 -57"><span class='ocrx_word' id='word_1_324' title='bbox 592 2405 943 2494; x_wconf 29' lang='lat' dir='ltr'>acgiditgiingUOHn&#39;</span> <span class='ocrx_word' id='word_1_325' title='bbox 972 2406 1013 2440; x_wconf 81' lang='lat' dir='ltr'>T,</span> <span class='ocrx_word' id='word_1_326' title='bbox 1034 2406 1071 2448; x_wconf 82' lang='lat'>1,</span> <span class='ocrx_word' id='word_1_327' title='bbox 1091 2418 1124 2438; x_wconf 84' lang='lat' dir='ltr'>n.</span> <span class='ocrx_word' id='word_1_328' title='bbox 1147 2417 1189 2459; x_wconf 68' lang='lat'>4,</span> <span class='ocrx_word' id='word_1_329' title='bbox 1247 2407 1280 2440; x_wconf 82' lang='lat' dir='ltr'>in</span> <span class='ocrx_word' id='word_1_330' title='bbox 1297 2406 1426 2451; x_wconf 72' lang='lat' dir='ltr'>Poecile</span> <span class='ocrx_word' id='word_1_331' title='bbox 1446 2407 1478 2447; x_wconf 82' lang='lat'>1,</span> <span class='ocrx_word' id='word_1_332' title='bbox 1494 2417 1531 2449; x_wconf 83' lang='lat'>3,</span> <span class='ocrx_word' id='word_1_333' title='bbox 1554 2418 1573 2449; x_wconf 94' lang='lat'><strong>7</strong></span> <span class='ocrx_word' id='word_1_334' title='bbox 1587 2429 1595 2444; x_wconf 94' lang='lat'>,</span> <span class='ocrx_word' id='word_1_335' title='bbox 1612 2417 1683 2460; x_wconf 69' lang='lat' dir='ltr'>pag.</span> <span class='ocrx_word' id='word_1_336' title='bbox 1703 2406 1779 2449; x_wconf 79' lang='lat'><strong>438.</strong></span> 
     </span>
    </p>
   </div>
  </div>
 </body>
</html>
