1907 3101
574 188 665 236 390
792 167 877 219 DE
909 167 1158 219 AETATE
1192 170 1275 220 ET
1309 174 1607 224 AUCTORE

566 272 652 299 tore
681 259 1133 314 Constantinopolitano,
1162 262 1231 314 qui
1260 262 1358 303 idem
1387 265 1536 317 gentilis
1560 264 1670 312 estet,
1693 273 1817 304 vene-

570 327 664 354 num
691 313 799 353 suum
824 313 994 354 effudisse
1016 315 1293 368 philopatridos
1311 317 1531 366 au&orem‚
1556 318 1625 358 sub
1648 331 1731 372 quo
1749 317 1819 357 sci-

568 369 657 408 licet
671 379 750 407 non
767 368 920 420 impune
940 367 1060 408 solum
1082 368 1119 407 id
1143 369 1288 409 laturus
1306 378 1406 418 erat,
1431 370 1490 410 sed
1512 371 1686 411 favorem
1704 372 1817 411 etiam

570 422 609 460 δι
627 420 728 460 forte
750 422 850 460 dona
875 423 1090 461 meriturus.
1109 422 1220 461 Alius
1239 435 1367 462 autem
1394 437 1472 463 non
1492 426 1659 464 occurrit
1671 455 1683 472 ,
1702 438 1816 478 quam

569 475 737 514 Iulianus
760 473 944 526 Apostata
958 506 969 522 ‚
988 488 1068 528 quo
1095 475 1327 528 Imperatore
1345 479 1382 516 δι
1400 477 1588 516 licentiam
1610 479 1761 526 habuit,
1777 477 1821 516 δε·

572 527 766 581 proposita
791 529 981 581 praemia,
1002 528 1171 581 quisquis
1194 530 1258 568 has
1286 542 1407 583 nugas
1433 532 1621 583 procudit.

627 581 804 621 XXXlll.
825 581 975 620 Deinde
990 582 1154 622 vietoria
1175 583 1220 622 de
1239 582 1377 628 Persis,
1401 597 1499 636 quae
1525 584 1593 623 sub
1611 584 1725 624 finem
1746 584 1821 623 dia-

571 636 653 688 logi
676 635 915 683 celebratur,
943 636 984 675 &
1009 634 1244 676 occasionem
1270 636 1463 677 scribendo
1487 637 1619 678 dediffe
1646 639 1794 678 videtur
1809 667 1822 686 ,

571 689 599 728 st
621 692 658 728 in
678 702 792 741 quem
817 689 932 727 alium
946 719 960 734 ,
981 689 1017 727 in
1038 689 1224 728 lulianum
1246 700 1346 728 certe
1362 692 1554 730 convenit.
1580 691 1659 730 Iam
1682 691 1729 730 ab
1749 692 1821 730 ini-

571 744 630 782 tio
656 742 810 794 suscepti
839 742 984 794 imperii
1004 755 1139 794 magna
1166 744 1207 782 vi
1226 744 1506 796 expeditionem
1531 744 1714 784 perficam
1735 757 1820 783 mo-

571 797 759 841 liebatur,
790 796 930 847 eosque
953 796 1000 834 ab
1027 797 1137 835 initio
1157 795 1342 836 succeiius
1371 796 1549 837 fortunae
1569 798 1721 843 habuit,
1751 799 1819 849 qui

571 850 740 903 epinicio
764 850 895 902 utique
915 848 1032 888 essent
1056 850 1173 902 digni.
1202 850 1237 889 Si
1264 850 1355 888 nihil
1374 851 1496 897 aliud,
1519 864 1698 903 magnum
1718 864 1821 891 certe

571 916 676 948 erat,
699 902 839 943 defiisse
863 903 1084 942 Romanum
1105 904 1304 955 imperium
1327 904 1427 943 vinci
1455 918 1477 943 a
1505 903 1646 952 Perfis,
1676 905 1716 943 δι
1737 905 1820 942 vin-

574 971 660 997 cere
684 955 786 1009 pofl'e
809 959 945 995 iterum
967 955 1151 1002 didiciffe,
1171 956 1367 1008 postquam
1388 956 1582 997 infeliciter
1605 959 1700 998 adeo
1715 957 1822 997 Con-

573 1011 728 1050 stamius
751 1023 829 1048 rem
859 1010 1036 1049 adversus
1059 1009 1345 1049 crudeliffimam
1365 1023 1516 1062 gentem
1543 1011 1711 1062 gesserat.
1740 1011 1821 1050 Pla-

575 1076 636 1104 cet
662 1065 879 1103 EUTROPu
906 1063 1021 1102 verba
1045 1064 1104 1110 X,
1127 1066 1176 1108 6,
1209 1064 1298 1116 quia
1324 1064 1409 1102 sunt
1430 1063 1668 1111 breviffima‚
1687 1063 1820 1104 adscri-

577 1119 688 1158 bere:
719 1118 868 1168 Divcrst'z
894 1118 1074 1169 Constantii
1096 1116 1240 1167 fortuna
1252 1115 1337 1167 suit.
1360 1120 1397 1155 A
1418 1118 1526 1168 Perfis
1551 1118 1635 1157 enim
1656 1120 1761 1158 multa
1785 1119 1820 1156 62

576 1173 696 1223 gravia
716 1171 882 1223 perpffzs
896 1200 907 1215 ,
923 1172 1027 1222 silepe
1050 1171 1158 1222 captis
1191 1171 1321 1223 oppidis
1338 1200 1349 1218 ,
1377 1173 1499 1223 obsistis
1528 1173 1692 1218 urbibus,
1718 1174 1820 1223 caesis

577 1226 798 1264 exercitibus:
833 1225 1023 1277 nullumque
1054 1225 1082 1262 ei
1114 1237 1229 1274 contra
1263 1225 1420 1275 Saporem
1447 1226 1636 1277 prosperum
1659 1227 1821 1277 proelium

568 1279 664 1329 fuit,
697 1279 760 1328 nifi
784 1281 874 1330 quod
894 1280 990 1329 apud
1009 1277 1211 1331 Singaram,
1239 1280 1331 1315 haud
1352 1279 1486 1318 dubiam
1509 1280 1674 1318 vibloriam
1695 1278 1820 1328 fircciae

578 1334 719 1371 militurn
747 1333 867 1383 amisit.
907 1330 993 1370 Post
1023 1331 1087 1370 has
1118 1330 1239 1370 clades
1272 1332 1404 1382 utique
1435 1333 1710 1371 contemnenda
1740 1343 1821 1370 non

577 1397 710 1433 erant,
741 1397 840 1438 quae
867 1385 1034 1424 lulianus
1059 1384 1164 1423 brevi
1191 1385 1285 1423 adeo
1316 1395 1489 1437 tempore
1513 1385 1673 1425 feliciter
1705 1384 1822 1437 gestit.

578 1439 710 1479 Facilis
732 1438 841 1477 labor
863 1437 975 1484 effer,
999 1437 1058 1477 sed
1086 1438 1246 1476 nimium
1274 1437 1477 1477 lectoribus
1501 1439 1663 1491 longus,
1688 1452 1822 1490 parum

578 1506 703 1532 autem
720 1523 731 1540 ,
756 1492 802 1530 ad
817 1492 916 1531 hanc
943 1492 1092 1544 quidem
1117 1504 1196 1530 rem
1211 1521 1225 1537 ,
1253 1491 1475 1530 neceflarius
1489 1522 1501 1538 ,
1529 1505 1579 1532 ex
1597 1493 1821 1532 AMMIANO

581 1548 866 1586 MARCELmNo
882 1574 893 1592 ‚
917 1546 1110 1591 zosimo,
1131 1545 1318 1583 LmAmo
1344 1552 1384 1593 1,
1403 1545 1443 1583 &
1466 1546 1642 1597 reliquis,
1663 1558 1745 1598 quo
1760 1559 1825 1598 ap·

582 1612 715 1653 paratu
733 1627 744 1646 ‚
764 1612 857 1652 quas
883 1612 963 1643 res,
988 1611 1068 1650 quo
1087 1610 1258 1650 tempore
1276 1598 1419 1649 gefferit
1435 1629 1448 1644 ,
1469 1600 1678 1651 explicare:
1706 1609 1823 1651 quare

580 1654 753 1694 contenti
783 1654 917 1692 iterum
949 1653 1158 1691 EUTROPu
1191 1652 1330 1690 erimus
1361 1652 1568 1699 brevitate,
1593 1653 1659 1704 qui
1691 1654 1749 1701 X,
1773 1652 1823 1696 8,

582 1710 761 1752 Iulianus,
786 1707 931 1758 inquit,
955 1706 1078 1757 ingenti
1103 1718 1271 1757 apparatu
1297 1707 1436 1744 Parthis
1459 1706 1571 1744 intulit
1599 1706 1743 1753 bellum,
1769 1705 1822 1744 cui

579 1762 779 1815 expeditioni
800 1775 858 1812 ego
881 1774 1008 1812 quoque
1021 1757 1169 1810 intersiti.
1190 1760 1334 1811 Aliquot
1351 1760 1474 1811 oppida
1494 1760 1528 1797 δ’
1549 1759 1680 1812 castella
1706 1759 1825 1810 Persii·

584 1832 655 1855 rum
682 1816 718 1853 in
741 1814 931 1852 deditionem
953 1814 1099 1865 accepit,
1123 1814 1179 1851 vel
1200 1813 1236 1850 vi
1259 1814 1478 1865 oppugnavit.
1504 1812 1743 1864 Affyriamque
1760 1828 1824 1865 po·

580 1870 742 1923 palatus,
771 1870 877 1920 castra
909 1869 1003 1919 apud
1031 1867 1264 1917 thfipliotztem
1288 1867 1417 1918 stativa
1437 1867 1649 1918 aliquamdiu
1684 1867 1823 1904 habuit:

586 1922 791 1974 remeansque
823 1922 946 1965 vitiet,
976 1923 1052 1959 dum
1074 1920 1114 1970 se
1146 1919 1366 1969 inconsultius
1391 1921 1525 1971 proeliis
1555 1919 1690 1971 inserit,
1717 1920 1825 1971 hostili

586 1992 686 2016 manu
720 1974 903 2026 interfatus
929 1976 984 2026 est.
1021 1974 1168 2012 Addere
1197 1972 1251 2012 fas
1279 1971 1348 2020 stt,
1383 1974 1487 2025 quod
1518 1974 1708 2012 ZOSIMUS
1742 1972 1827 2025 post

585 2041 774 2069 enarratas
792 2027 867 2073 Ill,
890 2041 933 2066 12
950 2048 992 2055 —-
1012 2041 1074 2078 29,
1096 2039 1153 2065 res
1169 2026 1285 2078 gest-as
1300 2026 1454 2074 Iuliani,
1471 2027 1666 2072 ἀπεθανεν,
1688 2026 1828 2077 inquit,

585 2080 621 2122 οὐ
647 2084 768 2133 meppia>
794 2082 866 2120 τῶν
888 2079 1032 2132 Περσῶν
1055 2079 1252 2132 metroviam
1270 2078 1336 2119 τῆς
1356 2080 1549 2119 ἀπωλείας
1575 2080 1828 2119 καταστήσας

585 2139 773 2190 ἐσχάτης.
791 2135 838 2174 Et
860 2147 893 2174 c.
912 2142 955 2173 ιδ
977 2135 1021 2173 de
1042 2133 1250 2173 Bersabora
1273 2133 1367 2173 urbe
1383 2145 1493 2186 capta
1517 2131 1828 2181 dixerat‚'Ev·tefi·

632 2252 644 2273 ι
685 2240 897 2274 Orationibus
920 2240 1043 2272 duabus
1069 2239 1103 2271 in
1128 2239 1183 2271 Iu·
1239 2239 1335 2272 Orat.
1350 2239 1388 2271 de
1404 2238 1520 2271 Iuliani
1534 2248 1612 2269 nece
1622 2233 1804 2269 ulciscenda
1819 2260 1828 2275 ‚

586 2286 661 2319 liani
691 2296 801 2318 necem
821 2284 956 2324 habitis,
980 2296 1061 2327 quae
1083 2283 1124 2315 T.
1150 2284 1180 2315 ll
1240 2283 1272 2315 δι
1287 2287 1387 2315 altera
1406 2283 1574 2324 parentali,
1590 2293 1671 2324 quae
1683 2281 1826 2313 volumi·

588 2332 699 2363 locum
716 2330 798 2361 inter
818 2340 915 2372 opera
934 2330 1022 2367 eius,
1050 2337 1088 2360 ut
1107 2327 1182 2360 sunt
1240 2339 1280 2360 ne
1296 2337 1352 2358 vu
1374 2328 1441 2358 Bibl
1480 2327 1540 2360 Gr.
1554 2326 1747 2357 Fabricianae
1763 2326 1827 2368 pri-

589 2386 606 2406 a
620 2374 753 2406 Morello
778 2374 878 2412 edita,
901 2374 1059 2406 obtinent.
1078 2375 1117 2405 lt.
1140 2373 1179 2404 de
1240 2383 1326 2404 mum
1349 2371 1450 2403 editae
1479 2371 1566 2403 sunt.
1591 2370 1668 2403 Vid,
1685 2381 1720 2401 v.
1739 2380 1769 2412 g.
1795 2381 1828 2409 p.

592 2419 661 2450 vita
682 2418 736 2450 sua
751 2431 783 2461 p.
801 2431 842 2459 44
856 2418 923 2461 seq.
946 2419 986 2450 T.
1008 2419 1049 2450 11.
1075 2418 1181 2448 Multa
1240 2427 1296 2457 175
1318 2415 1385 2457 seq.
1400 2415 1432 2447 &
1455 2415 1497 2446 ibl
1513 2415 1618 2446 Olear-

590 2463 629 2495 (le
650 2463 758 2494 iisdem
780 2464 875 2495 rebus
888 2463 970 2494 idem
987 2461 1131 2493 LIbanius
1146 2461 1179 2491 in
1618 2473 1622 2476 ⁴
