1907 3101
579 225 669 271 370
767 207 1650 256 ANNOTATIONES

575 313 664 345 των,
685 296 711 337 s.
726 297 1002 338 bellariorum?
1021 298 1083 338 Sic
1106 309 1202 350 puto
1216 327 1229 343 ‚
1241 297 1281 337 &
1294 296 1344 338 fic
1360 297 1626 350 interpretatus
1639 297 1733 337 sum.
1749 299 1844 341 Hoc

573 350 729 391 suadere
747 353 897 392 videtur
924 352 1114 392 orationis
1135 350 1266 398 series,
1285 363 1362 403 qua
1386 351 1481 391 haec
1496 352 1613 390 verba
1633 353 1844 404 iunguntur

573 404 856 457 superioribus,
879 406 917 445 &
937 406 984 444 ab
1007 405 1253 457 sequentibus
1271 404 1502 457 separantur.
1517 404 1555 443 Si
1572 406 1644 445 hoc
1666 406 1846 447 voluiss‘et

574 458 790 506 Lucianus,
811 460 916 513 quod
949 458 1129 499 Erasmus
1157 459 1278 503 dedit,
1297 474 1510 511 quaecunque
1537 460 1671 498 liberum
1698 462 1764 511 cst,
1774 461 1842 511 seu

573 513 659 551 velis
681 514 715 551 in
735 514 854 553 alvum
872 517 1030 560 condere,
1045 513 1108 564 seu
1131 515 1263 551 domum
1286 513 1456 563 asportare
1475 513 1590 560 malis,
1616 513 1666 551 ita
1687 514 1844 554 videtur

571 565 848 607 informaturus
867 566 1055 608 Graecam
1078 567 1294 606 orationem
1318 565 1423 605 fuisse
1438 596 1450 612 ‚
1470 567 1535 604 καὶ
1553 566 1626 605 ὅσα.
1650 566 1846 620 ἐντραγεῖν

572 618 656 670 ἐξῆν
680 620 696 658 ii
718 622 781 660 ml
810 621 1090 672 ἀποφέρεσὲιαι·
1114 620 1204 659 illud
1234 630 1362 658 autem
1389 620 1520 658 ταῦτα
1549 620 1660 672 plane
1686 620 1846 661 omiffu-

571 687 649 712 rus.
666 675 787 714 Verbi
802 674 996 728 ἐντραγεῖν
1012 677 1109 712 hanc
1127 674 1209 711 vim
1227 672 1322 720 effe,
1338 674 1449 712 etiam
1467 686 1514 712 ex
1537 672 1737 724 Hesychio
1752 687 1846 715 con·

572 728 699 773 iicias,
724 730 825 782 apud
845 742 961 781 quem
985 727 1070 768 sunt
1095 727 1163 767 ista
1187 726 1380 780 {v7pa751‘,
1409 725 1579 778 ἐντρυφᾷ.
1608 727 1818 780 Ἐντραγεῖν
1829 759 1850 776 ,-

572 781 773 832 ψωμίσω,
795 781 1069 832 spemin-ocozath
1083 781 1192 821 Vidit
1214 781 1288 820 hoc
1309 781 1420 820 etiam
1446 781 1625 820 Kuhnius
1638 783 1683 820 ad
1696 780 1846 823 Polluc.

572 836 632 875 Vl
646 866 659 882 ,
683 850 755 885 40,
775 842 818 875 τὶι
841 835 1034 889 ἐντραγεῖν
1043 835 1185 887 fhcpius
1200 834 1398 887 usutpatum
1421 837 1461 872 de
1479 836 1734 888 tragematibus,
1759 838 1792 876 6·
1805 836 1848 876 id

571 903 679 941 gemas
697 891 777 929 aliis
793 890 1020 942 scitamentis.
1042 889 1169 929 GESN.
1906 932 1907 936 Ἰ

625 946 698 981 ead.
715 945 738 982 l.
758 960 795 992 4.
812 943 878 981 Καὶ
898 945 951 982 τὰ,
964 944 1054 993 παρ’
1070 941 1202 994 αὐτῷ)
1220 940 1338 993 Quae
1353 940 1459 980 iuxta
1483 939 1521 980 se
1535 952 1655 981 erant.
1672 941 1845 984 GUYET.

627 997 719 1050 Pag.
740 996 803 1047 78.
816 998 838 1034 l.
864 1011 895 1037 1.
910 997 966 1036 Μὴ
983 995 1138 1036 &irritat
1154 994 1321 1049 γάμων)
1336 995 1523 1047 Ἀκαιρίοις
1538 996 1652 1035 huius
1667 998 1846 1038 meminit

573 1050 612 1090 in
628 1050 744 1090 Char.
759 1049 1012 1103 Theophrast.
1026 1063 1062 1102 p.
1082 1062 1128 1103 39
1144 1050 1189 1089 B.
1203 1048 1363 1088 SOLAN.

626 1107 699 1143 ead.
723 1105 747 1143 l.
769 1103 1011 1157 ς.Ἐκει’νων)
1030 1103 1259 1157 Depravata
1284 1102 1384 1141 haud
1410 1102 1524 1142 dubie
1549 1116 1654 1152 vox,
1674 1102 1715 1143 δι
1738 1103 1847 1145 nihili

573 1157 738 1211 prorsus.
753 1159 854 1211 Lege
870 1156 1000 1211 ἐχρῆν,
1017 1157 1080 1197 vel
1093 1157 1262 1197 πάντων.
1282 1156 1441 1196 SOLAN.

629 1214 703 1251 ead.
720 1212 743 1251 l.
764 1225 822 1264 ¹3·
837 1210 899 1251 Ἠν
912 1214 993 1266 γὰρ
1007 1210 1140 1250 ταῦτα
1152 1232 1196 1240 --
1211 1213 1263 1249 τὰ
1276 1208 1456 1263 ἐλεγεῖα)
1471 1209 1596 1262 Bergl.
1609 1209 1654 1248 ad
1670 1210 1846 1263 Alciphr.

574 1264 655 1312 111,
670 1280 707 1319 p.
721 1279 819 1314 410,
838 1265 931 1306 haec
948 1266 998 1305 ait
1020 1265 1182 1305 ridiculo
1202 1264 1320 1303 modo
1343 1277 1390 1303 ex
1411 1263 1564 1303 diversis
1586 1265 1732 1314 poetis,
1755 1264 1846 1305 Pin-

574 1319 693 1366 daro,
717 1318 913 1369 Hesiodo,
933 1320 972 1360 δι
988 1319 1241 1358 Anacreonte
1265 1317 1541 1358 consarcinata.
1566 1317 1695 1365 Bene,
1720 1331 1845 1370 quan-

574 1384 658 1412 tum
674 1373 720 1412 ad
736 1372 956 1421 materiam3
980 1371 1040 1412 sed
1056 1373 1101 1412 ad
1119 1383 1282 1411 metrum
1300 1382 1427 1411 tamen
1444 1370 1592 1411 redaGia
1609 1371 1845 1424 Elegiacum,

577 1438 621 1465 ut
644 1427 799 1467 Lucian.
825 1427 1050 1480 profitetur:
1079 1439 1199 1480 quare
1229 1427 1276 1465 ad
1304 1426 1339 1465 id
1365 1426 1580 1466 emendatio
1604 1425 1843 1469 instituenda.
1906 1421 1907 1448 ³

576 1481 727 1520 Rmrz.

630 1536 666 1573 in
680 1535 795 1574 Schol.
810 1535 872 1574 col.
891 1548 923 1573 1.
939 1535 961 1573 I.
976 1549 1011 1586 3.
1025 1533 1185 1586 Λέγουσι
1200 1534 1278 1586 γὰρ
1296 1532 1368 1573 &e
1384 1533 1401 1586 )
1416 1532 1548 1572 Potuit
1563 1532 1746 1581 adiicere,
1769 1545 1845 1585 poo‘

574 1588 614 1627 ni
632 1588 669 1628 &
688 1588 774 1627 ἀντὶ
792 1587 860 1627 τοῦ
872 1587 1012 1637 μισεῖν,
1026 1600 1070 1627 ut
1084 1600 1131 1627 ex
1149 1586 1340 1627 Aeschine
1356 1587 1610 1627 observarunt
1625 1587 1847 1640 Harpocra-

574 1643 658 1681 tion
682 1642 722 1681 δι
742 1642 886 1682 Suidas.
909 1642 1037 1681 CLER.

633 1697 722 1748 Pag.
735 1709 799 1748 79.
814 1696 837 1733 l.
858 1709 888 1734 1.
901 1694 939 1733 ‘H
954 1698 1007 1736 οιή
1024 1694 1141 1747 φάτ’)
1156 1694 1334 1734 Monitus
1352 1694 1427 1733 iam
1448 1694 1497 1733 ab
1513 1692 1595 1746 ipso
1606 1693 1777 1734 Luciano
1792 1694 1842 1735 de

575 1749 688 1789 huius
700 1750 875 1790 carminis
889 1749 1139 1796 absurditate,
1157 1761 1288 1787 curam
1304 1747 1668 1800 sollicitudinemque
1683 1761 1841 1789 omnem

577 1805 783 1854 deponito,
805 1802 832 1842 si
851 1803 962 1856 sapis:
987 1804 1024 1842 id
1039 1815 1159 1842 unum
1179 1815 1254 1855 ego
1280 1802 1473 1847 monebo,
1490 1803 1508 1843 ἢ
1528 1802 1581 1841 οἴη
1603 1801 1840 1843 scribendum

575 1856 670 1905 effe,
686 1858 730 1896 ad
749 1857 854 1909 quod
871 1857 1047 1910 proxime
1066 1855 1381 1896 acceditFl.1'70in·
1402 1856 1516 1908 idque
1540 1855 1696 1895 Hesiodi
1715 1857 1845 1895 imita-

576 1912 683 1951 tione
713 1911 879 1959 suetum,
903 1912 967 1963 qui
989 1923 1140 1950 carmen
1163 1909 1248 1949 satis
1273 1910 1467 1963 prolixum
1493 1909 1707 1962 scripserat,
1732 1910 1842 1962 quod

578 1962 679 2004 ἷιοίας
696 1966 737 2005 &
752 1964 874 2004 Ἤιόας
885 1965 1072 2018 μεγάλας
1089 1964 1306 2012 vocabant3
1328 1965 1435 2003 cuius
1449 1964 1563 2003 etiam
1580 1963 1730 2016 aliquot
1742 1964 1843 2017 frag-

576 2030 704 2058 menta
728 2019 763 2057 in
785 2018 1005 2057 Graeviana
1029 2018 1185 2057 Hesiodi
1207 2018 1374 2057 editione
1395 2017 1553 2057 exstant.
1569 2016 1729 2057 SOLAN.
1746 2017 1843 2058 Mali

577 2076 717 2124 poetae
738 2071 917 2124 peflimos
930 2071 1139 2111 versiculos
1157 2072 1268 2111 nimis
1282 2072 1384 2111 bona
1398 2071 1709 2124 interpretatione
1720 2071 1843 2111 dona·
1894 2097 1895 2100 =

576 2137 685 2166 verat
704 2125 891 2166 Erasmus.
907 2125 1043 2178 Quam
1059 2126 1117 2166 hic
1130 2126 1283 2173 damus,
1299 2125 1493 2165 meliorem
1513 2136 1692 2178 putamus
1704 2138 1748 2164 ea
1762 2124 1841 2177 ipsa
1894 2124 1895 2128 ’

577 2180 712 2225 causa,
736 2180 839 2232 quod
860 2180 956 2218 mala
983 2179 1058 2227 est,
1083 2179 1209 2219 iisdem
1232 2191 1371 2232 nempe
1394 2180 1493 2218 vitiis
1521 2179 1714 2232 inquinata
1735 2178 1841 2228 fere,
1893 2192 1894 2199 ¹

575 2247 675 2286 quae
690 2234 886 2273 ridiculum
903 2232 1088 2273 faciebant
1100 2233 1221 2286 ipsum
1239 2233 1403 2272 auetoris
1413 2245 1577 2272 carmen.
1591 2231 1767 2273 GESNfH
1780 2230 1838 2274 οἵη

578 2288 668 2328 πότ’
686 2288 742 2339 ἄρ’
760 2284 824 2353 iiy’
838 2288 871 2326 ἐν
887 2288 1163 2335 Ἀρισταινέτου
1176 2301 1258 2337 μεγ
1266 2285 1440 2338 dapum.)
1454 2286 1517 2326 An
1534 2286 1552 2326 ἢ
1569 2286 1620 2325 o't'n
1636 2286 1727 2324 dixit
1741 2286 1839 2326 allu-

577 2343 670 2382 dens
685 2342 729 2380 ad
742 2338 842 2380 νἰοιας
860 2341 1041 2380 Hesiodi?
1057 2342 1130 2381 vid.
1146 2340 1310 2380 Casaub.
1325 2341 1491 2393 Guyetus.
1508 2340 1612 2379 Nihil
1626 2340 1840 2392 obloquor.

577 2396 649 2435 Sed
662 2396 767 2448 quod
782 2395 989 2446 praemittit
1006 2393 1082 2442 οἵη,
1097 2395 1203 2448 quasi
1217 2394 1267 2433 fic
1286 2394 1477 2446 legeretur
1492 2394 1527 2432 in
1547 2393 1631 2433 edd.
1652 2393 1808 2433 Luciani
1823 2424 1838 2441 ‚

576 2448 704 2489 nescio
724 2450 826 2488 unde
851 2448 1007 2493 habeat,
1024 2462 1112 2489 cum
1124 2449 1211 2489 illae
1224 2460 1351 2489 tamen
1367 2448 1420 2490 οἴη
1443 2448 1647 2501 laevigent.
1661 2446 1734 2489 Sed
1749 2447 1839 2490 vide

578 2515 659 2545 not.
684 2502 854 2557 sequent.
871 2502 1023 2545 Rmz.
