1907 3101
552 196 1627 263 4Q⁴ANNOTATIONES

607 294 682 331 ead.
701 291 726 330 l.
747 305 778 343 5.
796 289 1064 344 Θερσαγόρας)
1097 288 1202 341 Quis
1225 289 1288 328 hic
1307 288 1374 334 stt,
1394 288 1534 328 nescio.
1559 287 1717 329 poetam
1734 285 1823 328 fuis·

552 344 611 389 se,
651 358 741 384 mox
768 346 910 384 audies.
951 345 1013 383 Ad
1049 356 1121 382 nos
1151 343 1302 382 aliunde
1331 343 1414 382 eius
1440 342 1540 382 fama
1572 355 1650 382 non
1681 354 1824 396 perve-

553 400 621 437 nit.
650 399 808 437 SOLAN.

605 457 680 490 ead.
695 454 718 490 l.
734 452 770 491 8.
791 452 1055 503 Θερσαγόρας)
1072 450 1278 489 Adiecerat
1298 448 1444 488 Hemst.
1467 449 1670 488 videndum
1685 450 1725 488 L.
1742 448 1824 488 Bos

552 506 598 544 ad
622 506 768 558 Evang.
798 506 887 544 Luc.
917 504 1074 549 XVIII,
1100 518 1167 555 13,
1196 504 1263 542 ubi
1287 516 1374 541 cum
1408 503 1534 542 itidem
1559 503 1824 542 nominativus

551 559 717 612 legatur,
740 559 880 605 ὃόεὶις,
905 557 1090 597 immanet
1113 572 1201 606 μοι,
1224 555 1308 609 post
1330 557 1503 608 exempla
1523 556 1592 595 alia
1615 557 1726 596 etiam
1746 556 1824 596 hoc

553 613 720 652 Luciani
739 611 850 651 affert
864 642 875 659 ,
896 612 1034 650 addens
1049 623 1057 649 ε
1081 612 1199 663 Neque
1212 623 1322 649 tamen
1335 611 1553 661 Atticismum
1569 611 1657 649 hunc
1672 612 1826 649 animad-

553 669 657 706 vertit
679 667 824 705 Luciani
846 667 1003 718 interpres
1021 667 1053 702 lt.
1078 665 1101 701 l.
1123 667 1258 716 quando
1284 665 1443 702 reddidit:
1469 664 1543 703 Hic
1562 664 1824 717 Thersagoras

552 723 670 773 poeta
685 719 749 759 est.
771 721 953 758 Debehat:
981 717 1223 769 Thersagora
1238 720 1367 769 poeta,
1384 729 1571 769 quonam,
1584 717 1624 756 δε
1638 717 1758 757 unde?
1774 738 1820 747 -

553 776 610 813 At
635 774 830 813 Gesnerus
850 772 913 811 vel
938 772 1015 810 sme
1039 771 1109 810 hac
1134 772 1398 810 admonitione
1426 769 1623 823 pristinum
1652 783 1823 810 errorem

553 827 630 866 iam
647 828 826 866 correxit.
851 825 967 864 Conf.
981 826 1044 864 Bis
1060 824 1197 864 Aecus.
1216 838 1247 863 c.
1265 837 1313 863 20
1327 824 1351 862 f.
1366 825 1405 863 δε
1420 839 1464 877 33
1486 837 1541 876 pr.
1553 825 1681 873 Adde,
1704 824 1731 863 st
1748 825 1824 874 vis,

552 881 695 932 Aelop.
712 881 752 920 F.
774 894 845 932 ¹29
864 878 888 918 f.
911 875 984 918 τῶν
1009 877 1253 923 {semmae
1270 878 1403 928 φίλος;
1429 878 1577 917 REITZ.

612 937 686 972 ead.
707 935 731 972 l.
757 947 816 985 13.
839 930 992 985 Ὁμήρου
1012 931 1243 984 γενεθλίοις)
1273 934 1307 970 Α
1330 944 1410 984 quo
1426 932 1588 971 oraculo
1604 930 1730 972 edofti
1750 943 1824 970 na-

551 988 668 1026 talitia
696 988 887 1033 Homeri,
914 988 954 1025 &
980 987 1138 1039 quando
1158 985 1343 1025 celebrari
1370 997 1510 1038 coepta
1542 985 1635 1035 sint,
1665 985 1725 1025 alii
1747 986 1824 1025 do-

552 1052 675 1081 ceant.
697 1041 857 1080 SOLAN.

609 1095 699 1145 Pag.
719 1107 801 1147 ¹33·
821 1095 846 1133 l.
866 1108 903 1141 4.
917 1086 1034 1144 Ὅπερ
1051 1084 1108 1132 οὖν
1124 1092 1223 1141 ἔφην,
1242 1091 1382 1142 ὃεῖμέν
1405 1107 1468 1141 μοι
1487 1091 1551 1132 καὶ
1572 1089 1640 1131 τοῦ
1659 1092 1825 1144 περιπάᾱ

552 1148 639 1200 του)
660 1148 918 1187 Salmuriensis
940 1148 1123 1198 interpres
1147 1147 1280 1198 accipit
1295 1176 1307 1192 ‚
1331 1159 1374 1185 ac
1395 1146 1421 1184 si
1445 1158 1614 1186 mutetur
1638 1146 1821 1198 persona,

552 1202 594 1241 δι
615 1215 701 1241 cum
725 1214 835 1240 antea
860 1201 1013 1240 locutus
1035 1201 1146 1240 fuerit
1163 1199 1440 1252 Thersagoras,
1462 1213 1563 1240 nunc
1583 1200 1734 1252 incipiat
1748 1200 1825 1239 Lu-

552 1257 705 1296 cianus:
736 1257 837 1295 unde
860 1256 1042 1294 voculam
1072 1256 1135 1292 καὶ
1156 1255 1214 1294 hic
1234 1255 1436 1307 praecipue
1459 1255 1651 1294 efficacem
1675 1254 1822 1293 omittit

553 1310 594 1348 in
620 1307 819 1354 versione,
839 1322 952 1360 quam
978 1310 1086 1347 vides
1107 1307 1201 1347 esse:
1226 1311 1304 1361 Ego
1323 1324 1400 1347 vero
1415 1338 1425 1355 ‚
1449 1321 1488 1347 ut
1508 1308 1606 1355 dixi,
1625 1308 1823 1346 deambula·

552 1365 642 1402 tione
666 1377 749 1415 opus
769 1364 882 1401 habeo.
910 1363 1022 1401 Hanc
1043 1361 1262 1400 sententiam
1280 1362 1424 1400 admisit
1444 1363 1490 1401 ab
1505 1361 1822 1409 Melanchthone,

553 1417 621 1468 qui
646 1416 801 1468 prorsus
825 1416 959 1454 eodem
985 1417 1128 1463 modo,
1158 1418 1243 1454 Tum
1265 1430 1347 1468 ego:
1369 1417 1420 1453 Et
1442 1418 1523 1454 mihi
1540 1431 1624 1468 opus
1650 1417 1691 1468 ⁶st
1710 1417 1823 1455 deam-

553 1471 734 1508 bulatione.
763 1469 835 1509 Sed
857 1469 1030 1522 profecto
1048 1482 1126 1508 non
1144 1469 1196 1507 ita
1220 1468 1295 1514 est,
1322 1470 1360 1508 ἃ
1384 1471 1635 1509 continuatur
1660 1469 1822 1520 persona

553 1523 839 1574 Thersagorae,
862 1524 952 1575 qui,
975 1536 1061 1562 cum
1080 1533 1165 1561 ante
1186 1523 1257 1561 iam
1273 1523 1417 1562 dixerat
1438 1524 1483 1562 de
1502 1523 1734 1562 ambulando
1758 1523 1823 1562 καὶ

553 1577 688 1616 τούτου
703 1576 888 1626 sehusun,
911 1577 944 1615 id
964 1589 1065 1616 nunc
1089 1578 1236 1627 repetit,
1259 1577 1400 1625 dicens,
1425 1578 1531 1627 Quod
1542 1577 1646 1630 igitur
1662 1578 1823 1624 dicebam,

553 1632 656 1669 etiam
680 1632 945 1669 deambulatione
966 1632 1092 1683 quidem
1115 1645 1200 1682 opus
1224 1631 1330 1669 habeo
1341 1646 1357 1677 ,-
1372 1631 1478 1670 multo
1499 1645 1611 1670 autem
1623 1631 1734 1682 prius,
1753 1632 1822 1669 aie-

552 1686 626 1730 bat,
649 1685 745 1722 vem'o
765 1685 1011 1736 huncfilurare
1033 1697 1165 1738 optans.
1191 1683 1336 1723 GRON.

605 1741 678 1776 ead.
700 1739 723 1776 l.
746 1738 897 1786 7.”Ιστε
923 1735 1045 1778 δήπου
1066 1737 1148 1790 τὸν)
1178 1738 1266 1776 Vid.
1288 1737 1381 1777 Plut.
1408 1751 1521 1790 1557,
1542 1751 1575 1776 1.
1598 1737 1689 1777 Erat
1706 1738 1822 1777 etiam

553 1791 593 1830 in
623 1791 827 1831 Ceramico
851 1791 971 1830 statua
1003 1793 1099 1830 intra
1131 1791 1292 1839 urbem,
1323 1804 1438 1844 quam
1467 1805 1488 1830 a
1517 1791 1736 1843 Polyeu&o
1762 1791 1822 1830 fa-

552 1845 652 1883 &am
677 1847 786 1883 tradit
810 1846 904 1885 Plut.
921 1847 957 1884 in
973 1847 1054 1885 eius
1077 1846 1166 1884 vita.
1190 1844 1331 1884 Meurs.
1354 1845 1445 1885 Ath.
1461 1846 1543 1885 Att.
1562 1860 1622 1898 23.
1642 1844 1730 1885 AG.
1746 1844 1822 1895 IV,

552 1912 644 1951 974·
676 1899 835 1938 SOLAN.
1884 1930 1885 1935 ,

607 1952 688 1990 ibid.
713 1956 775 1991 Γον
791 1953 826 1991 ὲν
841 1951 955 2003 Segni
969 1950 1035 1991 τοῦ
1055 1951 1128 1992 τῶν
1148 1952 1396 2000 Πτολεμαίων
1411 1951 1490 2004 νεὼ)
1512 1953 1621 1992 Hunc
1641 1953 1676 1991 in
1701 1953 1821 2006 templo
1884 1959 1885 1964 ’

552 2005 739 2044 Ptolemaei
757 2009 806 2044 ad
835 2009 987 2044 dextram
1011 2007 1209 2045 collocatum
1232 2006 1303 2058 effe.
1327 2007 1400 2045 Ms.
1421 2007 1553 2045 τούτου
1580 2009 1821 2056 Πτολεμαίου

554 2061 631 2098 νεώ.
661 2060 784 2111 Lego,
806 2062 869 2098 τον
895 2060 930 2099 ἐν
956 2059 1068 2110 deff-107.
1092 2059 1158 2099 τοῦ
1180 2060 1417 2109 Πτολεμαίου
1447 2059 1535 2105 νεὼ,
1562 2071 1605 2098 ut
1628 2059 1669 2099 δι
1697 2060 1821 2112 legisse

552 2113 733 2151 videntur
757 2114 990 2164 interpretes.
1020 2113 1258 2152 Ptolemaeus
1279 2126 1404 2152 autem
1429 2113 1650 2165 Philopator
1671 2114 1821 2153 Home-

552 2179 600 2204 ro
629 2166 812 2218 templum
840 2167 1027 2206 dedicavit
1044 2199 1053 2212 ‚
1083 2178 1126 2206 ut
1154 2168 1289 2206 auctor
1315 2166 1367 2206 est
1394 2167 1577 2206 Aelianus
1604 2167 1700 2206 Var.
1723 2167 1820 2208 Hist.

553 2220 672 2267 XIII,
697 2235 757 2258 22.
787 2220 960 2259 GRAEV.
991 2219 1146 2272 Templi
1173 2222 1351 2259 Homero
1376 2234 1395 2259 a
1424 2221 1664 2270 Philopatore
1692 2220 1820 2260 Ptole·

553 2287 666 2312 maeo
685 2273 813 2314 struffi
830 2275 977 2313 mentio
991 2274 1045 2313 est
1061 2275 1160 2326 apud
1176 2274 1325 2313 Aelian.
1346 2274 1398 2315 V.
1417 2275 1467 2313 H.
1485 2274 1597 2325 XIII,
1624 2288 1687 2319 22,
1709 2274 1819 2326 quod

552 2327 819 2366 Alexandreae
847 2328 1038 2375 collocat,
1069 2327 1194 2367 nescio
1220 2340 1334 2379 quam
1364 2328 1486 2375 bene,
1511 2327 1753 2366 Marshamus
1777 2330 1818 2368 in

553 2380 651 2419 Can.
675 2380 818 2419 Chron.
844 2395 879 2433 p.
903 2396 991 2429 441·
1019 2382 1080 2419 An
1101 2382 1189 2420 illud
1209 2382 1306 2420 idem
1330 2382 1514 2433 templum
1538 2382 1597 2421 hic
1618 2381 1753 2434 fignari
1768 2381 1819 2420 di-

553 2446 709 2479 cemus,
731 2434 769 2472 &
787 2433 932 2472 scenam
956 2435 1092 2487 dialogi
1115 2433 1186 2473 effe
1203 2436 1238 2473 in
1255 2435 1429 2486 Aegypti
1447 2434 1716 2474 Alexandrea?
1732 2434 1817 2473 No-

552 2486 617 2525 lim
643 2486 728 2526 sane
754 2489 829 2528 hoc
853 2487 937 2528 solo
966 2500 1216 2541 argumento:
1247 2501 1334 2529 cum
1363 2486 1580 2541 praesertim
1605 2487 1813 2529 Ptolemaei
