1907 3101
329 194 410 237 ΙΝ
462 192 1062 238 PHILOPATRIN.
1233 210 1320 258 507

60 278 160 318 timis
182 280 312 320 verbis
336 281 455 333 Triep
459 282 583 321 hontis
603 280 644 320 &
675 294 758 333 cap.
780 296 802 332 9
826 280 963 330 spinal..
990 280 1113 326 leffis
1138 279 1248 320 facile
1268 284 1322 320 in-

59 334 227 384 tellige33
251 347 299 372 ex
317 347 366 373 eo
389 337 490 373 enim
514 335 641 374 libello
664 336 755 374 haec
777 336 910 373 omnia
928 335 1048 385 palam
1072 348 1116 385 p
1107 335 1204 372 tita:
1229 349 1321 374 con-

59 385 117 424 fer
140 388 267 425 onmia
289 388 380 426 haec
398 402 483 427 cum
511 388 607 428 illius
629 400 662 427 c.
683 403 753 441 34.
775 401 817 438 35
845 388 885 426 δι
915 389 974 439 36.
1002 388 1087 426 Ret
1083 389 1171 426 neri
1197 400 1268 426 tan.
1274 402 1322 427 en

58 440 183 490 potest
217 441 368 492 vulgata
395 441 606 493 scriptura,
638 455 727 493 quia
760 442 851 479 nhil
885 446 980 479 aleo
1015 441 1214 480 absurdum
1245 443 1322 488 cst,

61 494 155 544 quin
180 493 227 531 ab
254 496 327 533 hoc
353 494 534 546 scriptore
561 495 630 534 clici
661 494 821 546 potuisse
848 497 942 533 vioe
936 507 1028 533 itur
1054 496 1209 533 SOLAN.

112 549 185 585 ead.
202 547 221 584 l
243 560 300 595 13.
320 551 418 585 Κειτέ
405 549 591 599 ’.σι-νηξις)
614 549 710 585 Ανῑι
732 549 948 595 ἀκούσματα
953 548 1317 586 fumavmmvmj·

60 611 102 638 nt
119 614 179 650 ap.
195 601 344 640 Lucret.
362 602 433 648 ΙΨ,
452 616 564 651 1157,
580 604 716 651 Alagma
730 613 826 653 atque
844 602 997 639 immanis
1014 602 1185 653 (Hmzisffll
1205 605 1322 641 aava·

59 654 200 705 πλῆξα
213 654 377 706 plenaque
396 655 546 698 honoris,
568 669 589 693 a
609 656 738 694 laucio
762 666 932 694 amatore
960 667 1133 693 vocatur.
1149 656 1273 694 GEsN.

113 710 186 746 ead.
210 708 232 746 l.
256 709 407 747 16.'‘E71
428 722 478 757 με
505 708 670 760 ἐξεφὸβ.)
698 708 783 759 Qui
807 722 871 759 per
895 709 970 747 tale
997 721 1139 746 numen
1157 711 1276 754 iurat,
1300 723 1321 748 a

60 773 142 812 quo
163 761 342 800 vindicari
366 762 571 811 periurium
588 774 665 800 non
690 760 833 813 potest,
853 761 911 800 ille
933 774 1010 800 non
1034 763 1226 801 verebitur
1243 776 1322 814 per-

60 814 204 853 iurium
229 816 468 853 committere
484 844 496 860 ,
521 814 547 853 si
569 816 746 854 nimirum
772 816 816 854 de
842 815 938 854 iilius
972 816 1195 866 impotentia
1225 828 1324 854 con·-

59 866 141 906 stet.
167 867 340 920 Triepho
363 880 489 908 autem
513 878 644 918 putat,
671 869 765 908 adeo
794 868 967 908 constare
992 869 1036 906 de
1063 869 1165 907 Iovis
1194 870 1321 909 aethe-

58 921 106 959 rii
130 920 306 961 futilitate
330 920 474 961 Critiae
494 921 588 968 suo,
608 934 651 960 ut
675 935 755 960 non
777 923 1017 961 dubitaturus
1032 921 1102 967 sit,
1122 923 1217 961 illius
1233 922 1323 961 stra-

58 976 191 1013 mineo
217 975 371 1015 numine
395 977 438 1014 ad
466 976 672 1026 periurium
698 977 812 1014 abuti.
837 975 1003 1026 Quanto
1035 987 1159 1014 autem
1187 978 1323 1015 rectius

60 1027 124 1067 hic
145 1027 298 1074 Noster,
320 1041 433 1079 quam
461 1028 626 1074 Cicero,
646 1030 713 1082 qui
733 1043 918 1090 tanquam
940 1042 960 1068 e
982 1029 1132 1068 l‘orricu
1150 1042 1250 1068 unus
1272 1032 1324 1070 ita

60 1080 244 1133 disputat,
269 1082 382 1122 Offic.
410 1081 482 1128 111,
506 1097 579 1133 29,
604 1093 647 1122 ut
672 1096 708 1120 in
732 1084 979 1122 iureiurando
1004 1094 1080 1121 non
1106 1085 1149 1121 ad
1179 1096 1323 1122 metum

60 1134 241 1175 Deorum
263 1147 329 1175 aut
356 1137 448 1175 iram
474 1135 604 1187 respici
627 1136 762 1175 debere
797 1137 904 1175 dicat.
927 1136 997 1174 Sed
1023 1140 1061 1175 de
1083 1137 1134 1174 irz
1154 1149 1235 1175 DEI
1255 1138 1325 1176 La-

60 1188 228 1228 &tantius
248 1191 404 1228 viderit:
431 1202 502 1228 nos
526 1190 598 1228 iam
628 1195 707 1229 'non
737 1189 1062 1242 philosophamur.
1088 1188 1215 1229 GESN.

114 1243 190 1281 ead.
205 1244 228 1282 l.
254 1244 783 1295 17.’A‘:.wvs‘ptevm)*Verbum
811 1244 1018 1282 Homerice
1038 1255 1185 1294 praeter
1211 1245 1324 1283 rati0r

60 1307 148 1335 nem
165 1309 207 1334 ac
222 1295 472 1336 neceffitatem
488 1297 692 1344 inflexum,
714 1307 757 1336 ut
778 1307 864 1335 ante
884 1297 1100 1343 ἐίμπνευσον
1115 1297 1324 1337 διε.(ἓε5Ν.

115 1351 206 1400 Pag.
232 1364 317 1398 242.
332 1351 355 1389 l.
372 1365 407 1398 4.
429 1349 542 1388 Θεοὺς
564 1350 746 1402 παντως)
778 1351 887 1390 Unde
909 1350 984 1388 hoc
1012 1349 1078 1388 fit?
1106 1351 1324 1390 Vulcanum

61 1402 160 1441 enim
182 1402 303 1443 solum
331 1403 367 1442 in
388 1415 526 1443 terram
562 1404 816 1456 praecipatum
847 1402 952 1443 fuiss'e
978 1403 1175 1443 Homerus
1199 1406 1324 1444 tradit.

62 1455 231 1495 GUYET.

117 1512 190 1548 ead.
206 1510 231 1548 l.
251 1522 280 1560 5.
299 1509 511 1549 Θεσπεσίου
528 1507 669 1562 βηλου)
690 1511 808 1549 Hom.
826 1509 930 1550 Iliad.
948 1513 996 1555 A,
1018 1524 1103 1563 591,
1124 1511 1162 1548 ὃ(
1188 1514 1239 1555 Ο,
1264 1525 1325 1562 23.

62 1562 220 1602 SOLAN.
244 1563 382 1602 Cetera
409 1564 571 1603 Homeri
607 1564 704 1602 idem
732 1565 894 1603 Solanus
924 1564 1067 1615 ubique
1092 1564 1299 1603 adduxerat
1316 1594 1328 1612 ,

62 1629 161 1670 quae
176 1617 215 1656 ὅ(
232 1616 344 1657 Gesn.
362 1616 500 1668 Quare
514 1630 558 1657 ea
570 1617 702 1659 deinde
722 1630 799 1656 non
813 1618 869 1655 bis
883 1617 1073 1656 addemus.
1088 1617 1231 1656 REITZ.

115 1671 196 1710 ibid.
216 1670 358 1721 Βηλοῦ)
382 1671 488 1722 Quid
505 1670 547 1709 fit
566 1673 694 1716 βωρος,
710 1683 798 1710 cum
822 1671 866 1710 de
882 1671 997 1710 coelo
1019 1669 1141 1709 sermo
1159 1671 1236 1716 est,
1258 1670 1327 1709 dis-

63 1734 221 1775 putatur
240 1725 276 1762 in
301 1724 459 1764 Scholiis
487 1725 576 1762 min.
599 1725 643 1762 ad
663 1725 705 1764 Il.
727 1728 772 1771 A,
794 1737 877 1775 591.
895 1723 1033 1762 Noster
1051 1723 1110 1762 hic
1131 1723 1326 1776 respexisse

62 1778 233 1829 inprimis
263 1779 413 1817 videtur
431 1777 476 1815 ad
499 1778 599 1816 Iliad.
625 1783 675 1824 O,
699 1792 758 1830 23.
779 1777 1046 1829 Hyperbolam
1071 1778 1170 1816 enim
1207 1789 1326 1829 puto,

64 1844 158 1877 nec,
179 1831 243 1870 ubi
269 1845 402 1871 omnes
429 1830 537 1870 Deos
565 1831 731 1882 Iuppiter
752 1831 1038 1875 deturbaverit,
1064 1831 1228 1881 reperio.
1252 1831 1328 1870 Ce·

64 1895 188 1924 terum
206 1885 319 1924 etiam
338 1885 529 1924 Lucianus
551 1884 726 1924 historiae
751 1886 923 1924 meminit
950 1884 1170 1937 Contempl.
1190 1897 1270 1935 cap.
1295 1898 1325 1924 1.

67 1938 193 1978 stn.

118 1992 202 2031 ibid.
223 1990 458 2044 Σαλμωνέα)
481 1990 673 2031 Salmonei
701 1991 889 2030 historiam
923 2000 1074 2042 praeter
1096 1991 1189 2029 alios
1214 1990 1328 2030 habet

65 2045 296 2096 Apollodor.
312 2046 494 2085 Bibliotli.
510 2044 545 2092 Ι,
567 2059 666 2097 9‚7.
680 2046 814 2097 virgil
832 2045 930 2083 Aen.
947 2044 1029 2088 VI,
1051 2043 1134 2095 580.
1151 2044 1282 2083 (ΞΕΞΝ.

119 2101 192 2138 ead.
213 2099 238 2136 l.
255 2113 292 2148 7.
310 2099 604 2150 Τιτανοκράτωρ)
622 2099 719 2140 Rem
743 2098 859 2150 ipsam
875 2098 974 2150 apud
990 2098 1234 2136 Homerum
1226 2110 1330 2136 mve-

66 2152 167 2200 nies;
188 2153 344 2191 nomina
366 2153 459 2190 haec
480 2164 558 2190 non
583 2155 686 2190 item.
713 2151 840 2191 GESN.

120 2207 193 2245 ead.
217 2207 240 2243 l.
257 2205 293 2244 8.
311 2205 401 2255 Πιιρ
413 2203 570 2256 Ομῖνρῳ)
595 2206 716 2258 Atqui
737 2205 836 2258 apud
859 2205 1074 2244 Homerum
1100 2204 1234 2243 nullibi
1261 2204 1330 2244 hae

69 2272 94 2298 v
98 2272 186 2299 oces
201 2260 453 2311 reperiuntur.
476 2258 634 2298 SOLAN.

120 2329 158 2350 e
146 2316 193 2350 d.
213 2313 237 2352 l.
257 2326 312 2352 11.
336 2311 486 2363 Κύκνος)
516 2313 661 2350 Notum
691 2311 951 2363 Epigramma:

121 2371 166 2405 Ζε
151 2380 209 2405 υς
225 2365 367 2410 κύκνος,
390 2379 538 2416 ταυρος,
561 2367 732 2416 σάτυρος,
757 2379 914 2416 χρυσος,
934 2364 991 2403 δι’
1016 2363 1132 2415 ἔρωτα,

175 2417 312 2464 ΛηΣης,
334 2415 515 2469 Ευρώπιις,
540 2418 745 2462 Ἀντιόπης,
767 2418 932 2477 Δανάης.
960 2417 1088 2457 GESN.

123 2476 196 2514 ead
217 2473 241 2512 l.
270 2486 326 2525 ¹3·
346 2472 423 2512 'elin
408 2472 524 2524 ῐνος)
549 2472 630 2525 Ego
652 2472 801 2513 mallem
833 2470 918 2512 ἐκεῖ,
920 2487 968 2519 ο,
993 2482 1035 2512 ut
1059 2472 1103 2512 ad
1130 2471 1328 2523 Europam
