<?xml version="1.0" encoding="UTF-8"?>
<!DOCTYPE html PUBLIC "-//W3C//DTD XHTML 1.0 Transitional//EN"
    "http://www.w3.org/TR/xhtml1/DTD/xhtml1-transitional.dtd">
<html xmlns="http://www.w3.org/1999/xhtml" xml:lang="en" lang="en">
 <head>
  <title>
</title>
<meta http-equiv="Content-Type" content="text/html;charset=utf-8" />
  <meta name='ocr-system' content='tesseract 3.04.00' />
  <meta name='ocr-capabilities' content='ocr_page ocr_carea ocr_par ocr_line ocrx_word'/>
</head>
<body>
  <div class='ocr_page' id='page_1' title='image "./operagraeceetlat09luciuoft/operagraeceetlat09luciuoft_0391.png"; bbox 0 0 1907 3101; ppageno 0'>
   <div class='ocr_carea' id='block_1_1' title="bbox 1 1401 22 2829">
    <p class='ocr_par' dir='ltr' id='par_1_1' title="bbox 1 1401 22 2829">
     <span class='ocr_line' id='line_1_1' title="bbox 1 1401 22 2829; baseline 0 0"><span class='ocrx_word' id='word_1_1' title='bbox 1 1401 22 2829; x_wconf 95' lang='lat' dir='ltr'> </span> 
     </span>
    </p>
   </div>
   <div class='ocr_carea' id='block_1_2' title="bbox 297 199 1312 269">
    <p class='ocr_par' dir='ltr' id='par_1_2' title="bbox 297 199 1312 269">
     <span class='ocr_line' id='line_1_2' title="bbox 297 199 1312 269; baseline 0.006 -22"><span class='ocrx_word' id='word_1_2' title='bbox 297 201 385 247; x_wconf 82' lang='lat' dir='ltr'>IN</span> <span class='ocrx_word' id='word_1_3' title='bbox 431 200 533 247; x_wconf 86' lang='lat' dir='ltr'>DE</span> <span class='ocrx_word' id='word_1_4' title='bbox 581 199 828 247; x_wconf 81' lang='lat' dir='ltr'><strong>SYRIA</strong></span> <span class='ocrx_word' id='word_1_5' title='bbox 878 202 1054 249; x_wconf 82' lang='lat' dir='ltr'>DEA.</span> <span class='ocrx_word' id='word_1_6' title='bbox 1223 206 1312 269; x_wconf 79' lang='lat'>383</span> 
     </span>
    </p>
   </div>
   <div class='ocr_carea' id='block_1_3' title="bbox 2 289 1323 2569">
    <p class='ocr_par' dir='ltr' id='par_1_3' title="bbox 2 289 1323 2569">
     <span class='ocr_line' id='line_1_3' title="bbox 36 289 1318 344; baseline 0.002 -14"><span class='ocrx_word' id='word_1_7' title='bbox 36 289 107 338; x_wconf 75' lang='lat' dir='ltr'>sit,</span> <span class='ocrx_word' id='word_1_8' title='bbox 129 303 208 330; x_wconf 90' lang='lat' dir='ltr'>non</span> <span class='ocrx_word' id='word_1_9' title='bbox 235 290 273 330; x_wconf 87' lang='lat' dir='ltr'>in</span> <span class='ocrx_word' id='word_1_10' title='bbox 300 289 584 343; x_wconf 76' lang='lat' dir='ltr'>praepositione</span> <span class='ocrx_word' id='word_1_11' title='bbox 604 301 808 344; x_wconf 82' lang='lat' dir='ltr'>peccatum</span> <span class='ocrx_word' id='word_1_12' title='bbox 832 322 844 340; x_wconf 88' lang='lat'>‚</span> <span class='ocrx_word' id='word_1_13' title='bbox 866 290 926 330; x_wconf 89' lang='lat' dir='ltr'>sed</span> <span class='ocrx_word' id='word_1_14' title='bbox 955 292 992 330; x_wconf 87' lang='lat' dir='ltr'>in</span> <span class='ocrx_word' id='word_1_15' title='bbox 1016 292 1103 332; x_wconf 88' lang='lat' dir='ltr'>casu</span> <span class='ocrx_word' id='word_1_16' title='bbox 1128 292 1318 341; x_wconf 79' lang='lat' dir='ltr'>arbitror,</span> 
     </span>
     <span class='ocr_line' id='line_1_4' title="bbox 37 344 1319 398; baseline 0.002 -13"><span class='ocrx_word' id='word_1_17' title='bbox 37 345 319 398; x_wconf 82' lang='lat' dir='ltr'>legendumque</span> <span class='ocrx_word' id='word_1_18' title='bbox 334 345 405 384; x_wconf 72' lang='grc' dir='ltr'>ἀπ’</span> <span class='ocrx_word' id='word_1_19' title='bbox 417 344 617 385; x_wconf 73' lang='grc' dir='ltr'><em>Αἰθιοπίης·</em></span> <span class='ocrx_word' id='word_1_20' title='bbox 634 346 775 384; x_wconf 82' lang='lat' dir='ltr'>namin</span> <span class='ocrx_word' id='word_1_21' title='bbox 791 346 913 384; x_wconf 87' lang='lat' dir='ltr'>reditu</span> <span class='ocrx_word' id='word_1_22' title='bbox 935 344 1006 385; x_wconf 87' lang='lat' dir='ltr'>suo</span> <span class='ocrx_word' id='word_1_23' title='bbox 1020 348 1080 385; x_wconf 80' lang='lat' dir='ltr'>hic</span> <span class='ocrx_word' id='word_1_24' title='bbox 1098 346 1205 386; x_wconf 82' lang='lat' dir='ltr'>fuiffe</span> <span class='ocrx_word' id='word_1_25' title='bbox 1222 349 1319 387; x_wconf 86' lang='lat' dir='ltr'>Bac-</span> 
     </span>
     <span class='ocr_line' id='line_1_5' title="bbox 41 398 1318 454; baseline 0.002 -15"><span class='ocrx_word' id='word_1_26' title='bbox 41 400 155 439; x_wconf 83' lang='lat' dir='ltr'>chum</span> <span class='ocrx_word' id='word_1_27' title='bbox 176 429 188 447; x_wconf 93' lang='lat'>,</span> <span class='ocrx_word' id='word_1_28' title='bbox 211 413 254 439; x_wconf 82' lang='lat' dir='ltr'>ea</span> <span class='ocrx_word' id='word_1_29' title='bbox 280 399 446 451; x_wconf 84' lang='lat' dir='ltr'>probant</span> <span class='ocrx_word' id='word_1_30' title='bbox 460 431 472 447; x_wconf 86' lang='lat'>,</span> <span class='ocrx_word' id='word_1_31' title='bbox 494 412 596 451; x_wconf 83' lang='lat' dir='ltr'>quae</span> <span class='ocrx_word' id='word_1_32' title='bbox 618 398 855 451; x_wconf 79' lang='lat' dir='ltr'>sequuntur,</span> <span class='ocrx_word' id='word_1_33' title='bbox 881 399 973 439; x_wconf 89' lang='lat' dir='ltr'>illud</span> <span class='ocrx_word' id='word_1_34' title='bbox 999 399 1216 454; x_wconf 85' lang='lat' dir='ltr'>praesertim</span> <span class='ocrx_word' id='word_1_35' title='bbox 1230 433 1242 451; x_wconf 95' lang='lat'>,</span> <span class='ocrx_word' id='word_1_36' title='bbox 1262 404 1318 442; x_wconf 74' lang='grc' dir='ltr'>τὰ</span> 
     </span>
     <span class='ocr_line' id='line_1_6' title="bbox 39 452 776 505; baseline 0 -13"><span class='ocrx_word' id='word_1_37' title='bbox 39 453 217 492; x_wconf 76' lang='grc' dir='ltr'><em>Διόνυσος</em></span> <span class='ocrx_word' id='word_1_38' title='bbox 232 453 274 505; x_wconf 79' lang='grc' dir='ltr'>ἐξ</span> <span class='ocrx_word' id='word_1_39' title='bbox 292 452 467 492; x_wconf 78' lang='grc' dir='ltr'>Αἰθιόπων</span> <span class='ocrx_word' id='word_1_40' title='bbox 490 452 622 492; x_wconf 67' lang='grc' dir='ltr'><em>ἤνεικε.</em></span> <span class='ocrx_word' id='word_1_41' title='bbox 647 453 776 493; x_wconf 78' lang='lat' dir='ltr'>GESN.</span> 
     </span>
     <span class='ocr_line' id='line_1_7' title="bbox 97 506 1323 561; baseline 0.002 -15"><span class='ocrx_word' id='word_1_42' title='bbox 97 509 168 546; x_wconf 79' lang='lat' dir='ltr'>ead.</span> <span class='ocrx_word' id='word_1_43' title='bbox 182 507 207 546; x_wconf 88' lang='lat' dir='ltr'>l.</span> <span class='ocrx_word' id='word_1_44' title='bbox 228 520 286 546; x_wconf 79' lang='grc' dir='ltr'>ιο.</span> <span class='ocrx_word' id='word_1_45' title='bbox 301 509 370 545; x_wconf 72' lang='grc' dir='ltr'>Καὶ</span> <span class='ocrx_word' id='word_1_46' title='bbox 385 506 600 557; x_wconf 68' lang='grc' dir='ltr'><em>ἐλεφάντων</em></span> <span class='ocrx_word' id='word_1_47' title='bbox 617 507 754 560; x_wconf 78' lang='grc' dir='ltr'><em>κέραοι)</em></span> <span class='ocrx_word' id='word_1_48' title='bbox 767 507 820 545; x_wconf 86' lang='lat' dir='ltr'>Et</span> <span class='ocrx_word' id='word_1_49' title='bbox 836 508 1046 561; x_wconf 79' lang='lat' dir='ltr'><em>elephantum</em></span> <span class='ocrx_word' id='word_1_50' title='bbox 1064 524 1205 548; x_wconf 73' lang='lat' dir='ltr'>cornua.</span> <span class='ocrx_word' id='word_1_51' title='bbox 1219 509 1323 549; x_wconf 89' lang='lat' dir='ltr'>Vul-</span> 
     </span>
     <span class='ocr_line' id='line_1_8' title="bbox 42 561 1322 613; baseline 0.003 -13"><span class='ocrx_word' id='word_1_52' title='bbox 42 573 94 613; x_wconf 87' lang='lat' dir='ltr'>go</span> <span class='ocrx_word' id='word_1_53' title='bbox 114 562 326 613; x_wconf 75' lang='lat' dir='ltr'><em>elephantum</em></span> <span class='ocrx_word' id='word_1_54' title='bbox 343 564 454 600; x_wconf 78' lang='lat' dir='ltr'>dentes</span> <span class='ocrx_word' id='word_1_55' title='bbox 468 561 662 606; x_wconf 87' lang='lat' dir='ltr'>dicuntur,</span> <span class='ocrx_word' id='word_1_56' title='bbox 685 562 868 600; x_wconf 87' lang='lat' dir='ltr'>nimirum</span> <span class='ocrx_word' id='word_1_57' title='bbox 891 561 998 601; x_wconf 89' lang='lat' dir='ltr'>ebur.</span> <span class='ocrx_word' id='word_1_58' title='bbox 1016 562 1058 601; x_wconf 93' lang='lat' dir='ltr'>Id</span> <span class='ocrx_word' id='word_1_59' title='bbox 1080 576 1178 603; x_wconf 88' lang='lat' dir='ltr'>vero</span> <span class='ocrx_word' id='word_1_60' title='bbox 1194 576 1322 604; x_wconf 88' lang='lat' dir='ltr'>cornu</span> 
     </span>
     <span class='ocr_line' id='line_1_9' title="bbox 42 614 1321 669; baseline 0.002 -15"><span class='ocrx_word' id='word_1_61' title='bbox 42 614 132 663; x_wconf 84' lang='lat' dir='ltr'>effe,</span> <span class='ocrx_word' id='word_1_62' title='bbox 157 628 235 654; x_wconf 91' lang='lat' dir='ltr'>non</span> <span class='ocrx_word' id='word_1_63' title='bbox 251 616 425 663; x_wconf 84' lang='lat' dir='ltr'>dentem,</span> <span class='ocrx_word' id='word_1_64' title='bbox 449 615 645 655; x_wconf 84' lang='lat' dir='ltr'>contendit</span> <span class='ocrx_word' id='word_1_65' title='bbox 659 614 860 655; x_wconf 80' lang='lat' dir='ltr'>Pausanias</span> <span class='ocrx_word' id='word_1_66' title='bbox 874 616 912 654; x_wconf 89' lang='lat' dir='ltr'>in</span> <span class='ocrx_word' id='word_1_67' title='bbox 928 616 1150 656; x_wconf 77' lang='lat' dir='ltr'>Eliacorum</span> <span class='ocrx_word' id='word_1_68' title='bbox 1168 618 1321 669; x_wconf 84' lang='lat' dir='ltr'>primo,</span> 
     </span>
     <span class='ocr_line' id='line_1_10' title="bbox 41 668 1321 722; baseline 0 -13"><span class='ocrx_word' id='word_1_69' title='bbox 41 670 82 709; x_wconf 68' lang='grc' dir='ltr'>ἃ</span> <span class='ocrx_word' id='word_1_70' title='bbox 98 670 249 709; x_wconf 87' lang='lat' dir='ltr'>Aelian.</span> <span class='ocrx_word' id='word_1_71' title='bbox 266 669 320 708; x_wconf 89' lang='lat' dir='ltr'>IV</span> <span class='ocrx_word' id='word_1_72' title='bbox 342 669 438 709; x_wconf 86' lang='lat' dir='ltr'>Hist.</span> <span class='ocrx_word' id='word_1_73' title='bbox 454 671 567 708; x_wconf 81' lang='lat' dir='ltr'>anim.</span> <span class='ocrx_word' id='word_1_74' title='bbox 586 682 649 722; x_wconf 71' lang='lat'>31,</span> <span class='ocrx_word' id='word_1_75' title='bbox 670 668 710 707; x_wconf 87' lang='lat'>&amp;</span> <span class='ocrx_word' id='word_1_76' title='bbox 736 670 849 717; x_wconf 83' lang='lat' dir='ltr'>XIV,</span> <span class='ocrx_word' id='word_1_77' title='bbox 869 684 901 722; x_wconf 90' lang='lat'>5.</span> <span class='ocrx_word' id='word_1_78' title='bbox 916 670 976 710; x_wconf 80' lang='lat' dir='ltr'>Sic</span> <span class='ocrx_word' id='word_1_79' title='bbox 997 671 1088 709; x_wconf 84' lang='lat' dir='ltr'>&amp;in</span> <span class='ocrx_word' id='word_1_80' title='bbox 1105 670 1219 710; x_wconf 81' lang='lat' dir='ltr'>sacris</span> <span class='ocrx_word' id='word_1_81' title='bbox 1235 672 1321 710; x_wconf 84' lang='lat' dir='ltr'>lite—</span> 
     </span>
     <span class='ocr_line' id='line_1_11' title="bbox 40 723 1323 776; baseline 0.003 -15"><span class='ocrx_word' id='word_1_82' title='bbox 40 724 90 762; x_wconf 84' lang='lat' dir='ltr'>ris</span> <span class='ocrx_word' id='word_1_83' title='bbox 103 723 232 775; x_wconf 84' lang='lat' dir='ltr'>Apoc.</span> <span class='ocrx_word' id='word_1_84' title='bbox 256 723 390 763; x_wconf 85' lang='lat' dir='ltr'>XVlll</span> <span class='ocrx_word' id='word_1_85' title='bbox 405 753 415 769; x_wconf 93' lang='lat'>‚</span> <span class='ocrx_word' id='word_1_86' title='bbox 433 736 477 762; x_wconf 88' lang='lat'>12</span> <span class='ocrx_word' id='word_1_87' title='bbox 491 753 502 771; x_wconf 88' lang='lat'>‚</span> <span class='ocrx_word' id='word_1_88' title='bbox 521 735 643 762; x_wconf 90' lang='lat' dir='ltr'>cornu</span> <span class='ocrx_word' id='word_1_89' title='bbox 664 724 843 763; x_wconf 82' lang='lat' dir='ltr'>tribuitur</span> <span class='ocrx_word' id='word_1_90' title='bbox 861 724 1078 776; x_wconf 83' lang='lat' dir='ltr'>elephanti,</span> <span class='ocrx_word' id='word_1_91' title='bbox 1098 724 1138 763; x_wconf 72' lang='lat' dir='ltr'>«Sc</span> <span class='ocrx_word' id='word_1_92' title='bbox 1155 726 1323 765; x_wconf 80' lang='lat' dir='ltr'>Martia-</span> 
     </span>
     <span class='ocr_line' id='line_1_12' title="bbox 39 777 1172 830; baseline 0.003 -14"><span class='ocrx_word' id='word_1_93' title='bbox 39 777 83 816; x_wconf 89' lang='lat' dir='ltr'>lis</span> <span class='ocrx_word' id='word_1_94' title='bbox 98 778 162 816; x_wconf 78' lang='lat' dir='ltr'>lib.</span> <span class='ocrx_word' id='word_1_95' title='bbox 185 778 223 825; x_wconf 79' lang='lat'>1,</span> <span class='ocrx_word' id='word_1_96' title='bbox 246 777 314 830; x_wconf 89' lang='lat' dir='ltr'>Ep.</span> <span class='ocrx_word' id='word_1_97' title='bbox 343 792 387 830; x_wconf 89' lang='lat'>19</span> <span class='ocrx_word' id='word_1_98' title='bbox 402 809 414 825; x_wconf 93' lang='lat'>‚</span> <span class='ocrx_word' id='word_1_99' title='bbox 436 777 481 816; x_wconf 85' lang='lat' dir='ltr'>de</span> <span class='ocrx_word' id='word_1_100' title='bbox 496 777 697 829; x_wconf 84' lang='lat' dir='ltr'>elephante</span> <span class='ocrx_word' id='word_1_101' title='bbox 719 790 874 817; x_wconf 82' lang='lat' dir='ltr'>taurum</span> <span class='ocrx_word' id='word_1_102' title='bbox 897 778 1172 819; x_wconf 85' lang='lat' dir='ltr'>interficiente:</span> 
     </span>
     <span class='ocr_line' id='line_1_13' title="bbox 99 831 1058 884; baseline 0.002 -14"><span class='ocrx_word' id='word_1_103' title='bbox 99 833 172 883; x_wconf 79' lang='lat' dir='ltr'>Qui</span> <span class='ocrx_word' id='word_1_104' title='bbox 192 834 290 871; x_wconf 84' lang='lat' dir='ltr'>modo</span> <span class='ocrx_word' id='word_1_105' title='bbox 310 846 370 882; x_wconf 73' lang='lat' dir='ltr'>per</span> <span class='ocrx_word' id='word_1_106' title='bbox 384 843 490 870; x_wconf 73' lang='lat' dir='ltr'>totam</span> <span class='ocrx_word' id='word_1_107' title='bbox 502 862 515 878; x_wconf 95' lang='lat'>,</span> <span class='ocrx_word' id='word_1_108' title='bbox 559 831 900 884; x_wconf 71' lang='lat' dir='ltr'>ammisstimulatus,</span> <span class='ocrx_word' id='word_1_109' title='bbox 920 848 1058 872; x_wconf 82' lang='lat' dir='ltr'>arenam</span> 
     </span>
     <span class='ocr_line' id='line_1_14' title="bbox 150 887 935 939; baseline 0.004 -16"><span class='ocrx_word' id='word_1_110' title='bbox 150 887 338 939; x_wconf 73' lang='lat' dir='ltr'>Sustulerat</span> <span class='ocrx_word' id='word_1_111' title='bbox 361 899 480 939; x_wconf 68' lang='lat' dir='ltr'>raptas</span> <span class='ocrx_word' id='word_1_112' title='bbox 499 899 621 924; x_wconf 82' lang='lat' dir='ltr'>taurus</span> <span class='ocrx_word' id='word_1_113' title='bbox 646 887 682 924; x_wconf 79' lang='lat' dir='ltr'>in</span> <span class='ocrx_word' id='word_1_114' title='bbox 709 888 798 939; x_wconf 81' lang='lat' dir='ltr'>astra</span> <span class='ocrx_word' id='word_1_115' title='bbox 816 887 935 939; x_wconf 81' lang='lat' dir='ltr'>pilas:</span> 
     </span>
     <span class='ocr_line' id='line_1_15' title="bbox 98 940 860 992; baseline 0.001 -14"><span class='ocrx_word' id='word_1_116' title='bbox 98 941 268 979; x_wconf 74' lang='lat' dir='ltr'>occubuit</span> <span class='ocrx_word' id='word_1_117' title='bbox 293 943 425 978; x_wconf 68' lang='lat' dir='ltr'>candem</span> <span class='ocrx_word' id='word_1_118' title='bbox 448 955 550 978; x_wconf 83' lang='lat' dir='ltr'>cornu</span> <span class='ocrx_word' id='word_1_119' title='bbox 570 940 701 992; x_wconf 82' lang='lat' dir='ltr'>potiore</span> <span class='ocrx_word' id='word_1_120' title='bbox 720 941 860 992; x_wconf 79' lang='lat' dir='ltr'>petitus,</span> 
     </span>
     <span class='ocr_line' id='line_1_16' title="bbox 147 993 890 1047; baseline 0 -13"><span class='ocrx_word' id='word_1_121' title='bbox 147 996 249 1034; x_wconf 83' lang='lat' dir='ltr'>Dum</span> <span class='ocrx_word' id='word_1_122' title='bbox 261 993 403 1046; x_wconf 78' lang='lat' dir='ltr'>facilem</span> <span class='ocrx_word' id='word_1_123' title='bbox 422 994 496 1032; x_wconf 84' lang='lat' dir='ltr'>tolli</span> <span class='ocrx_word' id='word_1_124' title='bbox 507 996 561 1045; x_wconf 84' lang='lat' dir='ltr'>fic</span> <span class='ocrx_word' id='word_1_125' title='bbox 578 995 757 1046; x_wconf 70' lang='lat' dir='ltr'>elephanta</span> <span class='ocrx_word' id='word_1_126' title='bbox 774 1006 890 1047; x_wconf 82' lang='lat' dir='ltr'>putat.</span> 
     </span>
     <span class='ocr_line' id='line_1_17' title="bbox 37 1047 1321 1105; baseline 0.002 -17"><span class='ocrx_word' id='word_1_127' title='bbox 37 1047 101 1088; x_wconf 90' lang='lat' dir='ltr'>Sic</span> <span class='ocrx_word' id='word_1_128' title='bbox 130 1047 224 1088; x_wconf 86' lang='lat' dir='ltr'>istud</span> <span class='ocrx_word' id='word_1_129' title='bbox 245 1050 482 1101; x_wconf 80' lang='lat' dir='ltr'>epigramma</span> <span class='ocrx_word' id='word_1_130' title='bbox 512 1049 729 1101; x_wconf 82' lang='lat' dir='ltr'>legendum.</span> <span class='ocrx_word' id='word_1_131' title='bbox 753 1050 890 1102; x_wconf 78' lang='lat' dir='ltr'>Vulgo</span> <span class='ocrx_word' id='word_1_132' title='bbox 908 1048 988 1089; x_wconf 84' lang='lat' dir='ltr'>sine</span> <span class='ocrx_word' id='word_1_133' title='bbox 1013 1048 1121 1091; x_wconf 88' lang='lat' dir='ltr'>sensu</span> <span class='ocrx_word' id='word_1_134' title='bbox 1153 1051 1321 1105; x_wconf 62' lang='lat' dir='ltr'>legiturg</span> 
     </span>
     <span class='ocr_line' id='line_1_18' title="bbox 40 1101 1320 1156; baseline 0.004 -15"><span class='ocrx_word' id='word_1_135' title='bbox 40 1116 182 1142; x_wconf 79' lang='lat' dir='ltr'>cornuto</span> <span class='ocrx_word' id='word_1_136' title='bbox 196 1105 311 1142; x_wconf 77' lang='lat' dir='ltr'>ardore</span> <span class='ocrx_word' id='word_1_137' title='bbox 318 1105 460 1156; x_wconf 69' lang='lat' dir='ltr'>petitus.</span> <span class='ocrx_word' id='word_1_138' title='bbox 477 1101 563 1141; x_wconf 69' lang='grc' dir='ltr'>ΜΠ.</span> <span class='ocrx_word' id='word_1_139' title='bbox 577 1114 716 1143; x_wconf 82' lang='lat' dir='ltr'>cornuto</span> <span class='ocrx_word' id='word_1_140' title='bbox 728 1105 826 1143; x_wconf 87' lang='lat' dir='ltr'>dore:</span> <span class='ocrx_word' id='word_1_141' title='bbox 845 1104 933 1143; x_wconf 90' lang='lat' dir='ltr'>hinc</span> <span class='ocrx_word' id='word_1_142' title='bbox 952 1103 1062 1144; x_wconf 83' lang='lat' dir='ltr'>facile</span> <span class='ocrx_word' id='word_1_143' title='bbox 1081 1105 1210 1145; x_wconf 88' lang='lat' dir='ltr'>videre</span> <span class='ocrx_word' id='word_1_144' title='bbox 1228 1106 1320 1147; x_wconf 85' lang='lat' dir='ltr'>licet</span> 
     </span>
     <span class='ocr_line' id='line_1_19' title="bbox 39 1156 1322 1209; baseline 0.005 -14"><span class='ocrx_word' id='word_1_145' title='bbox 39 1156 277 1197; x_wconf 88' lang='lat' dir='ltr'>scribendum</span> <span class='ocrx_word' id='word_1_146' title='bbox 295 1156 368 1197; x_wconf 85' lang='lat' dir='ltr'>effe</span> <span class='ocrx_word' id='word_1_147' title='bbox 382 1172 484 1196; x_wconf 77' lang='lat' dir='ltr'>cornu</span> <span class='ocrx_word' id='word_1_148' title='bbox 499 1159 653 1209; x_wconf 83' lang='lat' dir='ltr'>potiore,</span> <span class='ocrx_word' id='word_1_149' title='bbox 670 1158 746 1197; x_wconf 90' lang='lat' dir='ltr'>hoc</span> <span class='ocrx_word' id='word_1_150' title='bbox 766 1157 837 1203; x_wconf 85' lang='lat' dir='ltr'>est,</span> <span class='ocrx_word' id='word_1_151' title='bbox 855 1157 1034 1205; x_wconf 70' lang='lat' dir='ltr'>fortiore,</span> <span class='ocrx_word' id='word_1_152' title='bbox 1056 1160 1215 1200; x_wconf 85' lang='lat' dir='ltr'>meliore</span> <span class='ocrx_word' id='word_1_153' title='bbox 1230 1173 1322 1201; x_wconf 89' lang='lat' dir='ltr'>cor-</span> 
     </span>
     <span class='ocr_line' id='line_1_20' title="bbox 39 1211 1093 1265; baseline 0.003 -15"><span class='ocrx_word' id='word_1_154' title='bbox 39 1223 94 1251; x_wconf 89' lang='lat' dir='ltr'>nu</span> <span class='ocrx_word' id='word_1_155' title='bbox 110 1211 156 1251; x_wconf 92' lang='lat' dir='ltr'>sc.</span> <span class='ocrx_word' id='word_1_156' title='bbox 180 1212 410 1265; x_wconf 84' lang='lat' dir='ltr'>elephantis,</span> <span class='ocrx_word' id='word_1_157' title='bbox 431 1224 548 1263; x_wconf 81' lang='lat' dir='ltr'>quam</span> <span class='ocrx_word' id='word_1_158' title='bbox 565 1211 618 1251; x_wconf 89' lang='lat' dir='ltr'>est</span> <span class='ocrx_word' id='word_1_159' title='bbox 631 1223 758 1250; x_wconf 88' lang='lat' dir='ltr'>cornu</span> <span class='ocrx_word' id='word_1_160' title='bbox 774 1212 900 1252; x_wconf 89' lang='lat' dir='ltr'>bovis.</span> <span class='ocrx_word' id='word_1_161' title='bbox 915 1212 1093 1253; x_wconf 75' lang='lat' dir='ltr'>GRAEV.</span> 
     </span>
     <span class='ocr_line' id='line_1_21' title="bbox 94 1265 1322 1320; baseline 0.004 -16"><span class='ocrx_word' id='word_1_162' title='bbox 94 1268 169 1305; x_wconf 65' lang='lat' dir='ltr'>ead.</span> <span class='ocrx_word' id='word_1_163' title='bbox 186 1267 210 1305; x_wconf 89' lang='lat' dir='ltr'>l.</span> <span class='ocrx_word' id='word_1_164' title='bbox 229 1280 242 1304; x_wconf 89' lang='lat'>1</span> <span class='ocrx_word' id='word_1_165' title='bbox 256 1279 287 1304; x_wconf 87' lang='lat'>1.</span> <span class='ocrx_word' id='word_1_166' title='bbox 305 1265 445 1319; x_wconf 65' lang='lat' dir='ltr'>Ke&#39;peea)</span> <span class='ocrx_word' id='word_1_167' title='bbox 463 1266 767 1318; x_wconf 81' lang='lat' dir='ltr'>Elephantorum</span> <span class='ocrx_word' id='word_1_168' title='bbox 781 1267 911 1306; x_wconf 87' lang='lat' dir='ltr'>dentes</span> <span class='ocrx_word' id='word_1_169' title='bbox 923 1268 1190 1320; x_wconf 86' lang='lat' dir='ltr'>prominentes</span> <span class='ocrx_word' id='word_1_170' title='bbox 1201 1267 1322 1309; x_wconf 81' lang='lat' dir='ltr'>Grae-</span> 
     </span>
     <span class='ocr_line' id='line_1_22' title="bbox 40 1319 1321 1373; baseline 0.002 -14"><span class='ocrx_word' id='word_1_171' title='bbox 40 1319 94 1359; x_wconf 89' lang='lat' dir='ltr'>cis</span> <span class='ocrx_word' id='word_1_172' title='bbox 118 1320 252 1360; x_wconf 83' lang='lat' dir='ltr'>vocari</span> <span class='ocrx_word' id='word_1_173' title='bbox 270 1333 439 1365; x_wconf 86' lang='lat' dir='ltr'>cornua,</span> <span class='ocrx_word' id='word_1_174' title='bbox 458 1321 535 1360; x_wconf 91' lang='lat' dir='ltr'>vid.</span> <span class='ocrx_word' id='word_1_175' title='bbox 553 1332 612 1372; x_wconf 87' lang='lat' dir='ltr'>ap.</span> <span class='ocrx_word' id='word_1_176' title='bbox 630 1319 748 1359; x_wconf 86' lang='lat' dir='ltr'>Diod.</span> <span class='ocrx_word' id='word_1_177' title='bbox 764 1320 834 1360; x_wconf 89' lang='lat' dir='ltr'>Sic.</span> <span class='ocrx_word' id='word_1_178' title='bbox 850 1321 1066 1373; x_wconf 84' lang='lat' dir='ltr'>aliquoties.</span> <span class='ocrx_word' id='word_1_179' title='bbox 1083 1321 1131 1360; x_wconf 89' lang='lat' dir='ltr'>Et</span> <span class='ocrx_word' id='word_1_180' title='bbox 1147 1322 1321 1362; x_wconf 85' lang='lat' dir='ltr'>Romani</span> 
     </span>
     <span class='ocr_line' id='line_1_23' title="bbox 39 1374 1321 1426; baseline 0.002 -13"><span class='ocrx_word' id='word_1_181' title='bbox 39 1386 107 1413; x_wconf 85' lang='lat' dir='ltr'>eas</span> <span class='ocrx_word' id='word_1_182' title='bbox 134 1374 282 1414; x_wconf 82' lang='lat' dir='ltr'>belluas</span> <span class='ocrx_word' id='word_1_183' title='bbox 303 1375 470 1426; x_wconf 89' lang='lat' dir='ltr'>primum</span> <span class='ocrx_word' id='word_1_184' title='bbox 491 1374 669 1413; x_wconf 88' lang='lat' dir='ltr'>videntes</span> <span class='ocrx_word' id='word_1_185' title='bbox 689 1374 808 1414; x_wconf 77' lang='lat' dir='ltr'>Boves</span> <span class='ocrx_word' id='word_1_186' title='bbox 831 1374 948 1414; x_wconf 82' lang='lat' dir='ltr'>Lucas</span> <span class='ocrx_word' id='word_1_187' title='bbox 966 1374 1148 1423; x_wconf 70' lang='lat' dir='ltr'>vocasse,</span> <span class='ocrx_word' id='word_1_188' title='bbox 1172 1377 1209 1414; x_wconf 90' lang='lat' dir='ltr'>in</span> <span class='ocrx_word' id='word_1_189' title='bbox 1231 1377 1321 1416; x_wconf 90' lang='lat' dir='ltr'>vul-</span> 
     </span>
     <span class='ocr_line' id='line_1_24' title="bbox 37 1428 1319 1480; baseline 0.005 -14"><span class='ocrx_word' id='word_1_190' title='bbox 37 1440 110 1480; x_wconf 85' lang='lat' dir='ltr'>gus</span> <span class='ocrx_word' id='word_1_191' title='bbox 131 1441 280 1470; x_wconf 89' lang='lat' dir='ltr'>notum.</span> <span class='ocrx_word' id='word_1_192' title='bbox 306 1428 456 1468; x_wconf 75' lang='lat' dir='ltr'>Rmz.</span> <span class='ocrx_word' id='word_1_193' title='bbox 483 1428 697 1468; x_wconf 91' lang='lat' dir='ltr'>Adeundus</span> <span class='ocrx_word' id='word_1_194' title='bbox 717 1429 766 1469; x_wconf 87' lang='lat' dir='ltr'>cl.</span> <span class='ocrx_word' id='word_1_195' title='bbox 787 1428 868 1469; x_wconf 90' lang='lat' dir='ltr'>Bel.</span> <span class='ocrx_word' id='word_1_196' title='bbox 890 1429 936 1470; x_wconf 88' lang='lat' dir='ltr'>de</span> <span class='ocrx_word' id='word_1_197' title='bbox 964 1429 1078 1470; x_wconf 87' lang='lat' dir='ltr'>Ballu</span> <span class='ocrx_word' id='word_1_198' title='bbox 1107 1430 1319 1473; x_wconf 83' lang='lat' dir='ltr'>Animadv.</span> 
     </span>
     <span class='ocr_line' id='line_1_25' title="bbox 39 1481 623 1536; baseline 0 -14"><span class='ocrx_word' id='word_1_199' title='bbox 39 1482 79 1522; x_wconf 89' lang='lat' dir='ltr'>in</span> <span class='ocrx_word' id='word_1_200' title='bbox 96 1481 320 1535; x_wconf 77' lang='lat' dir='ltr'>Oppianum</span> <span class='ocrx_word' id='word_1_201' title='bbox 338 1483 387 1523; x_wconf 91' lang='lat' dir='ltr'>T.</span> <span class='ocrx_word' id='word_1_202' title='bbox 411 1484 448 1531; x_wconf 84' lang='lat'>1,</span> <span class='ocrx_word' id='word_1_203' title='bbox 470 1496 508 1536; x_wconf 91' lang='lat' dir='ltr'>p.</span> <span class='ocrx_word' id='word_1_204' title='bbox 534 1495 623 1536; x_wconf 84' lang='lat'>303.</span> 
     </span>
     <span class='ocr_line' id='line_1_26' title="bbox 2 1532 1323 1592; baseline 0.002 -15"><span class='ocrx_word' id='word_1_205' title='bbox 2 1532 3 1582; x_wconf 54' lang='grc' dir='ltr'>Ϊ</span> <span class='ocrx_word' id='word_1_206' title='bbox 94 1539 176 1577; x_wconf 82' lang='lat' dir='ltr'>ibid.</span> <span class='ocrx_word' id='word_1_207' title='bbox 191 1535 355 1591; x_wconf 78' lang='grc' dir='ltr'><em>Ἧνεικε)</em></span> <span class='ocrx_word' id='word_1_208' title='bbox 369 1538 490 1578; x_wconf 60' lang='lat' dir='ltr'>Rene</span> <span class='ocrx_word' id='word_1_209' title='bbox 500 1566 512 1585; x_wconf 85' lang='lat'>‚</span> <span class='ocrx_word' id='word_1_210' title='bbox 535 1550 607 1590; x_wconf 87' lang='lat' dir='ltr'>pro</span> <span class='ocrx_word' id='word_1_211' title='bbox 621 1535 778 1592; x_wconf 59' lang='grc' dir='ltr'>ἤνεγκε,</span> <span class='ocrx_word' id='word_1_212' title='bbox 799 1537 848 1577; x_wconf 86' lang='lat' dir='ltr'>ab</span> <span class='ocrx_word' id='word_1_213' title='bbox 861 1538 979 1590; x_wconf 85' lang='lat' dir='ltr'>antiq.</span> <span class='ocrx_word' id='word_1_214' title='bbox 997 1537 1140 1592; x_wconf 70' lang='grc' dir='ltr'><em>ἐνέγκω</em></span> <span class='ocrx_word' id='word_1_215' title='bbox 1163 1552 1235 1591; x_wconf 89' lang='lat' dir='ltr'>pro</span> <span class='ocrx_word' id='word_1_216' title='bbox 1248 1539 1323 1591; x_wconf 79' lang='grc' dir='ltr'>φέ-</span> 
     </span>
     <span class='ocr_line' id='line_1_27' title="bbox 3 1591 1317 1646; baseline 0.004 -17"><span class='ocrx_word' id='word_1_217' title='bbox 3 1643 4 1646; x_wconf 65' lang='lat'>,</span> <span class='ocrx_word' id='word_1_218' title='bbox 41 1607 102 1645; x_wconf 78' lang='grc' dir='ltr'>ρω,</span> <span class='ocrx_word' id='word_1_219' title='bbox 125 1592 186 1632; x_wconf 82' lang='lat' dir='ltr'>Sic</span> <span class='ocrx_word' id='word_1_220' title='bbox 207 1591 401 1632; x_wconf 65' lang='grc' dir='ltr'><em>ἀνήνεικαν</em></span> <span class='ocrx_word' id='word_1_221' title='bbox 423 1592 570 1632; x_wconf 83' lang='lat' dir='ltr'>Herod.</span> <span class='ocrx_word' id='word_1_222' title='bbox 586 1591 668 1640; x_wconf 90' lang='lat' dir='ltr'>VI,</span> <span class='ocrx_word' id='word_1_223' title='bbox 691 1606 761 1646; x_wconf 83' lang='lat'>39¹</span> <span class='ocrx_word' id='word_1_224' title='bbox 787 1593 837 1631; x_wconf 90' lang='lat' dir='ltr'>A.</span> <span class='ocrx_word' id='word_1_225' title='bbox 852 1591 1043 1632; x_wconf 59' lang='grc' dir='ltr'><em>Ἀπέινεικε</em></span> <span class='ocrx_word' id='word_1_226' title='bbox 1067 1593 1156 1639; x_wconf 92' lang='lat' dir='ltr'>VI,</span> <span class='ocrx_word' id='word_1_227' title='bbox 1174 1607 1250 1646; x_wconf 82' lang='lat'>390</span> <span class='ocrx_word' id='word_1_228' title='bbox 1265 1594 1317 1634; x_wconf 85' lang='grc' dir='ltr'>Α.</span> 
     </span>
     <span class='ocr_line' id='line_1_28' title="bbox 3 1646 1317 1699; baseline 0.002 -13"><span class='ocrx_word' id='word_1_229' title='bbox 3 1653 5 1662; x_wconf 62' lang='lat'>‘</span> <span class='ocrx_word' id='word_1_230' title='bbox 40 1646 131 1686; x_wconf 80' lang='lat' dir='ltr'>Alia</span> <span class='ocrx_word' id='word_1_231' title='bbox 147 1646 251 1685; x_wconf 80' lang='lat' dir='ltr'>dabit</span> <span class='ocrx_word' id='word_1_232' title='bbox 268 1647 391 1685; x_wconf 86' lang='lat' dir='ltr'>Maitt.</span> <span class='ocrx_word' id='word_1_233' title='bbox 407 1646 452 1685; x_wconf 88' lang='lat' dir='ltr'>de</span> <span class='ocrx_word' id='word_1_234' title='bbox 466 1646 568 1685; x_wconf 82' lang='lat' dir='ltr'>Dial.</span> <span class='ocrx_word' id='word_1_235' title='bbox 585 1659 620 1699; x_wconf 91' lang='lat' dir='ltr'>p.</span> <span class='ocrx_word' id='word_1_236' title='bbox 643 1660 730 1694; x_wconf 88' lang='lat'>124,</span> <span class='ocrx_word' id='word_1_237' title='bbox 749 1646 814 1685; x_wconf 91' lang='lat' dir='ltr'>ubi</span> <span class='ocrx_word' id='word_1_238' title='bbox 832 1658 959 1686; x_wconf 86' lang='lat' dir='ltr'>tamen</span> <span class='ocrx_word' id='word_1_239' title='bbox 976 1646 1074 1685; x_wconf 80' lang='lat' dir='ltr'>male</span> <span class='ocrx_word' id='word_1_240' title='bbox 1092 1648 1250 1696; x_wconf 88' lang='lat' dir='ltr'>editum,</span> <span class='ocrx_word' id='word_1_241' title='bbox 1269 1661 1317 1688; x_wconf 81' lang='lat' dir='ltr'>ea</span> 
     </span>
     <span class='ocr_line' id='line_1_29' title="bbox 4 1698 1319 1754; baseline 0.002 -14"><span class='ocrx_word' id='word_1_242' title='bbox 4 1698 5 1725; x_wconf 52' lang='grc' dir='ltr'><strong><em>ἕ</em></strong></span> <span class='ocrx_word' id='word_1_243' title='bbox 41 1700 117 1740; x_wconf 87' lang='lat' dir='ltr'>effe</span> <span class='ocrx_word' id='word_1_244' title='bbox 132 1701 181 1740; x_wconf 82' lang='lat' dir='ltr'>ab</span> <span class='ocrx_word' id='word_1_245' title='bbox 199 1700 342 1753; x_wconf 81' lang='grc' dir='ltr'><em>ἐνεχω,</em></span> <span class='ocrx_word' id='word_1_246' title='bbox 364 1700 495 1740; x_wconf 88' lang='lat' dir='ltr'>nescio</span> <span class='ocrx_word' id='word_1_247' title='bbox 513 1713 614 1747; x_wconf 87' lang='lat' dir='ltr'>mea,</span> <span class='ocrx_word' id='word_1_248' title='bbox 635 1713 681 1738; x_wconf 83' lang='lat' dir='ltr'>an</span> <span class='ocrx_word' id='word_1_249' title='bbox 704 1713 916 1753; x_wconf 80' lang='lat' dir='ltr'>operarum</span> <span class='ocrx_word' id='word_1_250' title='bbox 940 1702 1194 1754; x_wconf 82' lang='lat' dir='ltr'>negligentia,</span> <span class='ocrx_word' id='word_1_251' title='bbox 1213 1715 1319 1742; x_wconf 85' lang='lat' dir='ltr'>certe</span> 
     </span>
     <span class='ocr_line' id='line_1_30' title="bbox 5 1753 1320 1809; baseline 0.002 -15"><span class='ocrx_word' id='word_1_252' title='bbox 5 1799 6 1803; x_wconf 11' lang='grc' dir='ltr'><strong>Ἰ</strong></span> <span class='ocrx_word' id='word_1_253' title='bbox 41 1755 186 1809; x_wconf 73' lang='grc' dir='ltr'><em>ἐνέγκω</em></span> <span class='ocrx_word' id='word_1_254' title='bbox 202 1756 401 1795; x_wconf 66' lang='grc' dir='ltr'><em>ειυξὲοτειῃ</em></span> <span class='ocrx_word' id='word_1_255' title='bbox 418 1756 507 1794; x_wconf 84' lang='lat' dir='ltr'>dare</span> <span class='ocrx_word' id='word_1_256' title='bbox 526 1753 691 1794; x_wconf 85' lang='lat' dir='ltr'>voluiffe</span> <span class='ocrx_word' id='word_1_257' title='bbox 704 1784 715 1801; x_wconf 77' lang='lat'>‚</span> <span class='ocrx_word' id='word_1_258' title='bbox 735 1767 784 1794; x_wconf 81' lang='lat' dir='ltr'>ex</span> <span class='ocrx_word' id='word_1_259' title='bbox 800 1755 904 1795; x_wconf 88' lang='lat' dir='ltr'>illico</span> <span class='ocrx_word' id='word_1_260' title='bbox 917 1755 1064 1794; x_wconf 71' lang='grc' dir='ltr'>3ὀίεὲἒο</span> <span class='ocrx_word' id='word_1_261' title='bbox 1077 1756 1236 1795; x_wconf 88' lang='lat' dir='ltr'>Scholio</span> <span class='ocrx_word' id='word_1_262' title='bbox 1251 1769 1320 1809; x_wconf 86' lang='lat' dir='ltr'>pa·</span> 
     </span>
     <span class='ocr_line' id='line_1_31' title="bbox 41 1808 1322 1863; baseline 0.002 -15"><span class='ocrx_word' id='word_1_263' title='bbox 41 1820 113 1856; x_wconf 86' lang='lat' dir='ltr'>tet,</span> <span class='ocrx_word' id='word_1_264' title='bbox 128 1810 193 1849; x_wconf 88' lang='lat' dir='ltr'>ubi</span> <span class='ocrx_word' id='word_1_265' title='bbox 205 1809 382 1850; x_wconf 83' lang='lat' dir='ltr'>Corinth.</span> <span class='ocrx_word' id='word_1_266' title='bbox 400 1811 471 1849; x_wconf 86' lang='lat' dir='ltr'>ait:</span> <span class='ocrx_word' id='word_1_267' title='bbox 486 1808 553 1848; x_wconf 78' lang='grc' dir='ltr'><em>τοῦ</em></span> <span class='ocrx_word' id='word_1_268' title='bbox 566 1809 711 1861; x_wconf 67' lang='grc' dir='ltr'><em>ἑνεγκω</em></span> <span class='ocrx_word' id='word_1_269' title='bbox 724 1808 943 1862; x_wconf 53' lang='grc' dir='ltr'><em>ἀφαιρεῖἂωι</em></span> <span class='ocrx_word' id='word_1_270' title='bbox 959 1812 1004 1848; x_wconf 71' lang='grc' dir='ltr'>τὸ</span> <span class='ocrx_word' id='word_1_271' title='bbox 1014 1825 1063 1863; x_wconf 69' lang='grc' dir='ltr'>γ,</span> <span class='ocrx_word' id='word_1_272' title='bbox 1077 1811 1194 1850; x_wconf 75' lang='grc' dir='ltr'>καὶ-</span> <span class='ocrx_word' id='word_1_273' title='bbox 1209 1811 1322 1851; x_wconf 76' lang='grc' dir='ltr'><em>ἐπεν-</em></span> 
     </span>
     <span class='ocr_line' id='line_1_32' title="bbox 41 1861 708 1911; baseline -0.004 -7"><span class='ocrx_word' id='word_1_274' title='bbox 41 1861 191 1904; x_wconf 60' lang='lat' dir='ltr'>willemi</span> <span class='ocrx_word' id='word_1_275' title='bbox 208 1866 251 1903; x_wconf 74' lang='grc' dir='ltr'>τὶ)</span> <span class='ocrx_word' id='word_1_276' title='bbox 267 1880 300 1911; x_wconf 91' lang='grc' dir='ltr'><em>ι,</em></span> <span class='ocrx_word' id='word_1_277' title='bbox 316 1863 440 1903; x_wconf 77' lang='grc' dir='ltr'><em>ἐνείκω</em></span> <span class='ocrx_word' id='word_1_278' title='bbox 463 1863 538 1903; x_wconf 70' lang='grc' dir='ltr'><em>διε.</em></span> <span class='ocrx_word' id='word_1_279' title='bbox 559 1863 708 1902; x_wconf 75' lang='lat' dir='ltr'>REITz.</span> 
     </span>
     <span class='ocr_line' id='line_1_33' title="bbox 95 1916 1317 1971; baseline 0.002 -15"><span class='ocrx_word' id='word_1_280' title='bbox 95 1921 169 1957; x_wconf 81' lang='lat' dir='ltr'>ead.</span> <span class='ocrx_word' id='word_1_281' title='bbox 183 1919 208 1957; x_wconf 89' lang='lat' dir='ltr'>l.</span> <span class='ocrx_word' id='word_1_282' title='bbox 228 1932 283 1957; x_wconf 88' lang='lat'>12.</span> <span class='ocrx_word' id='word_1_283' title='bbox 300 1918 466 1971; x_wconf 65' lang='grc' dir='ltr'><em>Φαλλοὶ)</em></span> <span class='ocrx_word' id='word_1_284' title='bbox 478 1918 621 1969; x_wconf 79' lang='lat' dir='ltr'>Tangit</span> <span class='ocrx_word' id='word_1_285' title='bbox 635 1919 727 1956; x_wconf 81' lang='lat' dir='ltr'>haec</span> <span class='ocrx_word' id='word_1_286' title='bbox 742 1918 863 1957; x_wconf 88' lang='lat' dir='ltr'>verba</span> <span class='ocrx_word' id='word_1_287' title='bbox 880 1916 1010 1957; x_wconf 89' lang='lat' dir='ltr'>Schol.</span> <span class='ocrx_word' id='word_1_288' title='bbox 1026 1916 1220 1969; x_wconf 84' lang='lat' dir='ltr'>Aristoph.</span> <span class='ocrx_word' id='word_1_289' title='bbox 1235 1917 1317 1959; x_wconf 86' lang='lat' dir='ltr'>vid.</span> 
     </span>
     <span class='ocr_line' id='line_1_34' title="bbox 8 1970 1320 2023; baseline 0.002 -11"><span class='ocrx_word' id='word_1_290' title='bbox 8 1996 10 2006; x_wconf 89' lang='lat'>·</span> <span class='ocrx_word' id='word_1_291' title='bbox 41 1970 138 2012; x_wconf 83' lang='lat' dir='ltr'>infra</span> <span class='ocrx_word' id='word_1_292' title='bbox 150 1986 181 2012; x_wconf 91' lang='lat' dir='ltr'>c.</span> <span class='ocrx_word' id='word_1_293' title='bbox 197 1987 256 2011; x_wconf 81' lang='lat'>22.</span> <span class='ocrx_word' id='word_1_294' title='bbox 274 1971 339 2012; x_wconf 91' lang='lat' dir='ltr'>De</span> <span class='ocrx_word' id='word_1_295' title='bbox 353 1973 493 2012; x_wconf 88' lang='lat' dir='ltr'>horum</span> <span class='ocrx_word' id='word_1_296' title='bbox 508 1973 660 2023; x_wconf 81' lang='lat' dir='ltr'>origine</span> <span class='ocrx_word' id='word_1_297' title='bbox 675 1972 760 2011; x_wconf 90' lang='lat' dir='ltr'>vide</span> <span class='ocrx_word' id='word_1_298' title='bbox 772 1972 897 2011; x_wconf 87' lang='lat' dir='ltr'>Clem.</span> <span class='ocrx_word' id='word_1_299' title='bbox 910 1973 1024 2011; x_wconf 80' lang='lat' dir='ltr'>Alex,</span> <span class='ocrx_word' id='word_1_300' title='bbox 1041 1986 1054 2010; x_wconf 80' lang='grc' dir='ltr'><em>ι</em></span> <span class='ocrx_word' id='word_1_301' title='bbox 1069 1985 1084 2022; x_wconf 86' lang='lat'>5</span> <span class='ocrx_word' id='word_1_302' title='bbox 1101 1972 1144 2012; x_wconf 89' lang='grc' dir='ltr'>Β.</span> <span class='ocrx_word' id='word_1_303' title='bbox 1156 1972 1320 2014; x_wconf 71' lang='lat' dir='ltr'>SOLAN.</span> 
     </span>
     <span class='ocr_line' id='line_1_35' title="bbox 98 2025 1320 2079; baseline 0.003 -15"><span class='ocrx_word' id='word_1_304' title='bbox 98 2028 190 2079; x_wconf 79' lang='lat' dir='ltr'>Pag.</span> <span class='ocrx_word' id='word_1_305' title='bbox 202 2040 264 2079; x_wconf 85' lang='lat'>99.</span> <span class='ocrx_word' id='word_1_306' title='bbox 284 2026 308 2064; x_wconf 93' lang='lat' dir='ltr'>l.</span> <span class='ocrx_word' id='word_1_307' title='bbox 325 2040 355 2065; x_wconf 88' lang='lat'>1.</span> <span class='ocrx_word' id='word_1_308' title='bbox 372 2026 544 2065; x_wconf 67' lang='grc' dir='ltr'><em>Φαλλοὺς</em></span> <span class='ocrx_word' id='word_1_309' title='bbox 559 2026 653 2079; x_wconf 85' lang='lat' dir='ltr'>&amp;c.)</span> <span class='ocrx_word' id='word_1_310' title='bbox 668 2026 865 2066; x_wconf 82' lang='lat' dir='ltr'>Scholiast.</span> <span class='ocrx_word' id='word_1_311' title='bbox 885 2025 1083 2077; x_wconf 85' lang='lat' dir='ltr'>Aristoph.</span> <span class='ocrx_word' id='word_1_312' title='bbox 1097 2028 1141 2064; x_wconf 84' lang='lat' dir='ltr'>ad</span> <span class='ocrx_word' id='word_1_313' title='bbox 1155 2027 1190 2065; x_wconf 95' lang='lat' dir='ltr'>N</span> <span class='ocrx_word' id='word_1_314' title='bbox 1195 2029 1259 2066; x_wconf 91' lang='lat' dir='ltr'>ub.</span> <span class='ocrx_word' id='word_1_315' title='bbox 1275 2042 1320 2068; x_wconf 89' lang='lat' dir='ltr'>v.</span> 
     </span>
     <span class='ocr_line' id='line_1_36' title="bbox 40 2077 1320 2135; baseline 0.002 -18"><span class='ocrx_word' id='word_1_316' title='bbox 40 2093 110 2131; x_wconf 86' lang='lat'>71,</span> <span class='ocrx_word' id='word_1_317' title='bbox 124 2081 190 2120; x_wconf 89' lang='lat' dir='ltr'>ubi</span> <span class='ocrx_word' id='word_1_318' title='bbox 206 2081 391 2120; x_wconf 80' lang='lat' dir='ltr'>habemus</span> <span class='ocrx_word' id='word_1_319' title='bbox 407 2077 530 2135; x_wconf 68' lang='grc' dir='ltr'><strong><em>αἶγας</em></strong></span> <span class='ocrx_word' id='word_1_320' title='bbox 544 2081 585 2120; x_wconf 82' lang='grc' dir='ltr'>ἐκ</span> <span class='ocrx_word' id='word_1_321' title='bbox 606 2078 674 2119; x_wconf 76' lang='grc' dir='ltr'><em>τοῦ</em></span> <span class='ocrx_word' id='word_1_322' title='bbox 695 2081 881 2128; x_wconf 69' lang='grc' dir='ltr'>Φελλέως,</span> <span class='ocrx_word' id='word_1_323' title='bbox 895 2081 970 2119; x_wconf 82' lang='lat' dir='ltr'>ait:</span> <span class='ocrx_word' id='word_1_324' title='bbox 991 2081 1112 2119; x_wconf 69' lang='grc' dir='ltr'><em>Τόπος</em></span> <span class='ocrx_word' id='word_1_325' title='bbox 1129 2077 1228 2120; x_wconf 72' lang='grc' dir='ltr'><em>οὕτω</em></span> <span class='ocrx_word' id='word_1_326' title='bbox 1242 2097 1320 2120; x_wconf 82' lang='grc' dir='ltr'><em>κοι-</em></span> 
     </span>
     <span class='ocr_line' id='line_1_37' title="bbox 10 2130 1320 2186; baseline 0.001 -12"><span class='ocrx_word' id='word_1_327' title='bbox 10 2145 12 2147; x_wconf 73' lang='grc'><strong><em>’</em></strong></span> <span class='ocrx_word' id='word_1_328' title='bbox 42 2134 224 2184; x_wconf 70' lang='grc' dir='ltr'><em>λούμενος</em></span> <span class='ocrx_word' id='word_1_329' title='bbox 245 2134 282 2173; x_wconf 79' lang='grc' dir='ltr'>ἐν</span> <span class='ocrx_word' id='word_1_330' title='bbox 297 2134 465 2184; x_wconf 62' lang='grc' dir='ltr'><em>Ἀττικξῖ.</em></span> <span class='ocrx_word' id='word_1_331' title='bbox 481 2130 531 2174; x_wconf 67' lang='lat' dir='ltr'>Ox]</span> <span class='ocrx_word' id='word_1_332' title='bbox 544 2134 619 2186; x_wconf 61' lang='grc' dir='ltr'>μὴν</span> <span class='ocrx_word' id='word_1_333' title='bbox 641 2135 750 2173; x_wconf 69' lang='grc' dir='ltr'>ἀλλὰ</span> <span class='ocrx_word' id='word_1_334' title='bbox 768 2135 833 2172; x_wconf 70' lang='grc' dir='ltr'>καὶ</span> <span class='ocrx_word' id='word_1_335' title='bbox 852 2137 935 2186; x_wconf 68' lang='grc' dir='ltr'>περὶ</span> <span class='ocrx_word' id='word_1_336' title='bbox 954 2137 1015 2172; x_wconf 63' lang='grc' dir='ltr'>τὸν</span> <span class='ocrx_word' id='word_1_337' title='bbox 1038 2134 1216 2174; x_wconf 76' lang='grc' dir='ltr'><em>Διὲνυσόν</em></span> <span class='ocrx_word' id='word_1_338' title='bbox 1232 2134 1320 2175; x_wconf 76' lang='grc' dir='ltr'>ἐστί</span> 
     </span>
     <span class='ocr_line' id='line_1_38' title="bbox 43 2185 1321 2239; baseline 0.001 -12"><span class='ocrx_word' id='word_1_339' title='bbox 43 2202 103 2228; x_wconf 73' lang='grc' dir='ltr'><em>τις</em></span> <span class='ocrx_word' id='word_1_340' title='bbox 115 2188 216 2238; x_wconf 64' lang='grc' dir='ltr'><em>ἑορτὴ</em></span> <span class='ocrx_word' id='word_1_341' title='bbox 234 2188 314 2228; x_wconf 74' lang='grc' dir='ltr'><em>τοῖς</em></span> <span class='ocrx_word' id='word_1_342' title='bbox 324 2188 521 2229; x_wconf 70' lang='grc' dir='ltr'><em>Ἀθηναίοις</em></span> <span class='ocrx_word' id='word_1_343' title='bbox 533 2192 675 2228; x_wconf 75' lang='grc' dir='ltr'><em>Φέλλος</em></span> <span class='ocrx_word' id='word_1_344' title='bbox 688 2189 897 2239; x_wconf 70' lang='grc' dir='ltr'><em>καλουμένη</em></span> <span class='ocrx_word' id='word_1_345' title='bbox 911 2221 922 2233; x_wconf 85' lang='grc'>.,</span> <span class='ocrx_word' id='word_1_346' title='bbox 935 2185 1017 2228; x_wconf 71' lang='grc' dir='ltr'><em>ἷίτις</em></span> <span class='ocrx_word' id='word_1_347' title='bbox 1031 2188 1105 2226; x_wconf 76' lang='grc' dir='ltr'>τῶν</span> <span class='ocrx_word' id='word_1_348' title='bbox 1120 2190 1321 2229; x_wconf 79' lang='grc' dir='ltr'><em>Διονυσίων</em></span> 
     </span>
     <span class='ocr_line' id='line_1_39' title="bbox 41 2240 1322 2297; baseline -0.001 -15"><span class='ocrx_word' id='word_1_349' title='bbox 41 2240 225 2297; x_wconf 70' lang='grc' dir='ltr'><em>ἄρχεται.</em></span> <span class='ocrx_word' id='word_1_350' title='bbox 240 2246 442 2283; x_wconf 65' lang='grc' dir='ltr'><em>Λουκιανὸς</em></span> <span class='ocrx_word' id='word_1_351' title='bbox 462 2242 507 2283; x_wconf 55' lang='grc' dir='ltr'>ἑὲ</span> <span class='ocrx_word' id='word_1_352' title='bbox 534 2244 571 2282; x_wconf 77' lang='grc' dir='ltr'>ἐν</span> <span class='ocrx_word' id='word_1_353' title='bbox 597 2243 650 2292; x_wconf 78' lang='grc' dir='ltr'><em>τῷ</em></span> <span class='ocrx_word' id='word_1_354' title='bbox 663 2243 746 2296; x_wconf 62' lang='grc' dir='ltr'><em>’περὶ</em></span> <span class='ocrx_word' id='word_1_355' title='bbox 766 2244 834 2282; x_wconf 67' lang='lat' dir='ltr'>&#39;tris</span> <span class='ocrx_word' id='word_1_356' title='bbox 857 2244 988 2294; x_wconf 68' lang='grc' dir='ltr'><em>Συρίης</em></span> <span class='ocrx_word' id='word_1_357' title='bbox 1012 2240 1117 2281; x_wconf 78' lang='grc' dir='ltr'><em>Θεοῦ·</em></span> <span class='ocrx_word' id='word_1_358' title='bbox 1132 2242 1322 2292; x_wconf 47' lang='lat' dir='ltr'>(pathmus,</span> 
     </span>
     <span class='ocr_line' id='line_1_40' title="bbox 42 2295 1317 2351; baseline -0.002 -12"><span class='ocrx_word' id='word_1_359' title='bbox 42 2298 350 2348; x_wconf 49' lang='lat' dir='ltr'>Qnfftvs‘limxnvec</span> <span class='ocrx_word' id='word_1_360' title='bbox 365 2295 530 2345; x_wconf 76' lang='grc' dir='ltr'><em>Διονύσῳ</em></span> <span class='ocrx_word' id='word_1_361' title='bbox 545 2297 760 2351; x_wconf 64' lang='grc' dir='ltr'><em>ἐγείρουσιν.</em></span> <span class='ocrx_word' id='word_1_362' title='bbox 778 2298 842 2336; x_wconf 73' lang='grc' dir='ltr'>ἐπὶ</span> <span class='ocrx_word' id='word_1_363' title='bbox 858 2297 933 2336; x_wconf 86' lang='lat' dir='ltr'>&amp;c.</span> <span class='ocrx_word' id='word_1_364' title='bbox 951 2308 993 2336; x_wconf 92' lang='lat' dir='ltr'>ut</span> <span class='ocrx_word' id='word_1_365' title='bbox 1007 2297 1085 2335; x_wconf 89' lang='lat' dir='ltr'>hic.</span> <span class='ocrx_word' id='word_1_366' title='bbox 1099 2295 1202 2335; x_wconf 89' lang='lat' dir='ltr'>Dein</span> <span class='ocrx_word' id='word_1_367' title='bbox 1216 2310 1317 2336; x_wconf 87' lang='lat' dir='ltr'>vero</span> 
     </span>
     <span class='ocr_line' id='line_1_41' title="bbox 42 2350 1319 2404; baseline 0 -14"><span class='ocrx_word' id='word_1_368' title='bbox 42 2364 117 2404; x_wconf 88' lang='lat' dir='ltr'>pro</span> <span class='ocrx_word' id='word_1_369' title='bbox 139 2352 344 2390; x_wconf 69' lang='grc' dir='ltr'><em>καλέονται</em></span> <span class='ocrx_word' id='word_1_370' title='bbox 372 2351 418 2390; x_wconf 56' lang='grc' dir='ltr'>δὲ</span> <span class='ocrx_word' id='word_1_371' title='bbox 439 2350 543 2390; x_wconf 56' lang='lat' dir='ltr'>‘tows</span> <span class='ocrx_word' id='word_1_372' title='bbox 556 2381 570 2398; x_wconf 91' lang='lat'><em>,</em></span> <span class='ocrx_word' id='word_1_373' title='bbox 589 2352 703 2390; x_wconf 85' lang='lat' dir='ltr'>habet</span> <span class='ocrx_word' id='word_1_374' title='bbox 721 2352 906 2390; x_wconf 70' lang='grc' dir='ltr'><em>καλέεται</em></span> <span class='ocrx_word' id='word_1_375' title='bbox 922 2381 935 2397; x_wconf 90' lang='grc'>,</span> <span class='ocrx_word' id='word_1_376' title='bbox 954 2362 1033 2389; x_wconf 91' lang='lat' dir='ltr'>non</span> <span class='ocrx_word' id='word_1_377' title='bbox 1059 2351 1169 2390; x_wconf 85' lang='lat' dir='ltr'>male.</span> <span class='ocrx_word' id='word_1_378' title='bbox 1187 2350 1319 2390; x_wconf 86' lang='lat' dir='ltr'>Cum-</span> 
     </span>
     <span class='ocr_line' id='line_1_42' title="bbox 41 2404 1319 2457; baseline 0 -13"><span class='ocrx_word' id='word_1_379' title='bbox 41 2418 120 2457; x_wconf 90' lang='lat' dir='ltr'>que</span> <span class='ocrx_word' id='word_1_380' title='bbox 136 2404 172 2443; x_wconf 90' lang='lat' dir='ltr'>in</span> <span class='ocrx_word' id='word_1_381' title='bbox 187 2405 339 2456; x_wconf 76' lang='grc' dir='ltr'><em>φέρουσι</em></span> <span class='ocrx_word' id='word_1_382' title='bbox 360 2404 596 2450; x_wconf 82' lang='lat' dir='ltr'>consentiat,</span> <span class='ocrx_word' id='word_1_383' title='bbox 619 2407 653 2445; x_wconf 91' lang='lat' dir='ltr'>id</span> <span class='ocrx_word' id='word_1_384' title='bbox 677 2406 713 2444; x_wconf 91' lang='lat' dir='ltr'>in</span> <span class='ocrx_word' id='word_1_385' title='bbox 731 2408 898 2455; x_wconf 74' lang='grc' dir='ltr'><em>φορέουσι</em></span> <span class='ocrx_word' id='word_1_386' title='bbox 920 2416 1057 2444; x_wconf 87' lang='lat' dir='ltr'>contra</span> <span class='ocrx_word' id='word_1_387' title='bbox 1072 2416 1229 2443; x_wconf 90' lang='lat' dir='ltr'>omnem</span> <span class='ocrx_word' id='word_1_388' title='bbox 1248 2418 1319 2444; x_wconf 82' lang='lat' dir='ltr'>au-</span> 
     </span>
     <span class='ocr_line' id='line_1_43' title="bbox 42 2458 1318 2505; baseline 0 -7"><span class='ocrx_word' id='word_1_389' title='bbox 42 2459 258 2498; x_wconf 69' lang='lat' dir='ltr'>&amp;oritatem</span> <span class='ocrx_word' id='word_1_390' title='bbox 289 2471 523 2499; x_wconf 88' lang='lat' dir='ltr'>convertere</span> <span class='ocrx_word' id='word_1_391' title='bbox 555 2472 632 2499; x_wconf 88' lang='lat' dir='ltr'>non</span> <span class='ocrx_word' id='word_1_392' title='bbox 660 2458 841 2505; x_wconf 85' lang='lat' dir='ltr'>sustinui,</span> <span class='ocrx_word' id='word_1_393' title='bbox 863 2472 952 2498; x_wconf 89' lang='lat' dir='ltr'>cum</span> <span class='ocrx_word' id='word_1_394' title='bbox 978 2459 1019 2498; x_wconf 87' lang='lat'>&amp;</span> <span class='ocrx_word' id='word_1_395' title='bbox 1043 2459 1082 2496; x_wconf 89' lang='lat' dir='ltr'>in</span> <span class='ocrx_word' id='word_1_396' title='bbox 1108 2459 1318 2498; x_wconf 87' lang='lat' dir='ltr'>Herodoto</span> 
     </span>
     <span class='ocr_line' id='line_1_44' title="bbox 42 2512 1322 2569; baseline 0.001 -16"><span class='ocrx_word' id='word_1_397' title='bbox 42 2512 262 2568; x_wconf 85' lang='lat' dir='ltr'>promiscue</span> <span class='ocrx_word' id='word_1_398' title='bbox 287 2514 390 2569; x_wconf 79' lang='lat' dir='ltr'>legas</span> <span class='ocrx_word' id='word_1_399' title='bbox 404 2543 415 2564; x_wconf 86' lang='lat'>‚</span> <span class='ocrx_word' id='word_1_400' title='bbox 436 2513 505 2555; x_wconf 79' lang='lat' dir='ltr'>etsi</span> <span class='ocrx_word' id='word_1_401' title='bbox 528 2513 671 2568; x_wconf 68' lang='grc' dir='ltr'><em>φορέειν</em></span> <span class='ocrx_word' id='word_1_402' title='bbox 685 2513 816 2569; x_wconf 80' lang='lat' dir='ltr'>potius</span> <span class='ocrx_word' id='word_1_403' title='bbox 833 2513 955 2554; x_wconf 85' lang='lat' dir='ltr'>eidem</span> <span class='ocrx_word' id='word_1_404' title='bbox 973 2513 1019 2553; x_wconf 82' lang='lat' dir='ltr'>sit</span> <span class='ocrx_word' id='word_1_405' title='bbox 1044 2523 1225 2568; x_wconf 83' lang='lat' dir='ltr'>portare,</span> <span class='ocrx_word' id='word_1_406' title='bbox 1249 2512 1322 2565; x_wconf 62' lang='grc' dir='ltr'>φέ-4</span> 
     </span>
    </p>
   </div>
  </div>
 </body>
</html>
