1907 3101
594 243 685 307 3ss
787 241 1654 289 ANNOTATIONES

589 330 669 378 804
683 328 782 368 refie
798 329 961 382 legatur,
983 329 1042 368 Εἰς
1059 329 1126 368 τὴν
1141 329 1255 369 οἰκίαιν
1271 329 1580 370 ἐπεισπέποιικεν.
1593 329 1710 370 Conf.
1723 327 1849 369 omnis

589 396 644 422 no
659 382 769 434 supra
783 382 884 422 Dial.
900 384 1054 422 Meretr.
1067 383 1141 423 XV
1157 382 1213 421 bis
1223 412 1233 427 ,
1250 395 1387 436 nempe
1399 384 1480 422 init.
1495 384 1560 422 ubi
1573 384 1847 430 ἐπεισπαίσας,

590 436 634 476 δι
654 436 748 474 med.
769 436 832 474 ubi
853 435 1128 475 ἐπεισέπαισαν
1152 435 1340 482 dedimus,
1362 437 1447 475 licet
1465 437 1546 476 edd.
1565 436 1849 482 ἑπεισέπεσοιν,

591 488 634 527 δι
650 490 726 527 vid.
740 489 790 527 ibi
804 499 949 528 notata.
965 490 1076 528 Unde
1093 489 1133 527 δι
1146 489 1205 528 hic
1217 489 1399 540 Berglero
1412 501 1454 528 ac
1473 489 1619 529 Solano
1633 489 1763 528 rursus
1775 490 1848 529 ob-

589 542 877 593 temperandum
902 542 1044 589 fuerat,
1066 542 1156 594 quia
1179 541 1361 594 perfacilis
1380 544 1418 581 in
1443 542 1500 581 his
1519 542 1571 582 est
1591 540 1714 595 lapsus
1735 556 1845 582 ama·-

589 593 788 634 nuensium
803 609 819 644 ·,
833 595 892 634 sed
913 604 1067 647 propter
1080 595 1197 633 nimia
1219 595 1412 647 exempla,
1426 609 1524 646 quae
1549 609 1619 647 pro
1643 610 1796 643 -εσοιν,
1819 609 1844 636 a

591 647 749 696 πίπτω,
768 647 911 688 faciunt
925 679 936 695 ,
960 648 1046 687 fisto
1067 648 1250 700 gradum,
1273 648 1311 687 &
1335 650 1408 686 iam
1431 649 1508 687 fere
1530 649 1655 688 malim
1678 649 1767 687 nihil
1786 649 1845 689 su-

591 713 661 753 pra
675 702 854 747 murense,
871 715 1101 753 quamquam
1123 701 1212 739 nihil
1228 701 1324 740 adeo
1346 713 1542 753 peccatum
1556 731 1566 748 ,
1588 715 1675 740 cum
1697 703 1846 742 ἐπεισέ-

591 768 738 794 παισαν
754 755 798 793 fit
818 754 1052 805 aptissimum.
1068 755 1122 793 At
1137 755 1212 793 vid.
1226 755 1339 807 Epist.
1357 754 1434 794 Sat.
1449 768 1529 807 cap.
1547 769 1592 807 23
1612 756 1705 794 med.
1722 756 1787 795 ubi
1802 758 1844 796 δι

591 807 908 858 παρεισπεσοῦσοι
919 809 1069 860 legitur,
1086 808 1190 859 quod
1202 821 1249 846 ex
1265 807 1382 847 Diod.
1399 808 1470 847 Sic.
1486 809 1535 847 ibi
1551 808 1678 856 firmo,
1694 809 1846 860 aliaque

591 874 614 900 a
633 863 766 901 πίπτω
786 861 1018 912 composita,
1032 863 1176 900 irruendi
1190 861 1370 912 potestate
1386 862 1528 908 sumta,
1550 860 1683 900 affero.
1698 861 1844 903 Rmz.

645 917 720 953 ead.
732 916 755 953 l.
768 914 1066 968 9.Ἀλκιδ“ο“ιμοις)
1079 914 1140 953 De
1152 914 1227 953 hoc
1241 914 1327 952 alibi
1341 916 1443 952 nulla
1458 916 1602 954 mentio
1612 914 1664 953 fit.
1678 915 1837 955 SOLAN.

645 969 720 1007 ead.
746 969 768 1007 l.
799 982 852 1008 ιο.
879 967 1085 1019 Μενέλαον)
1114 962 1325 1018 Adranam
1351 967 1390 1006 cl*
1415 968 1551 1020 ἀγαθοὶ
1575 968 1651 1007 &c.
1677 968 1847 1010 GUYET.

593 1020 716 1060 Hom.
738 1020 781 1059 Il.
799 1025 821 1059 B
834 1052 846 1068 ‚
866 1022 954 1069 408.
975 1021 1132 1060 SOLAN.

647 1077 721 1112 ead.
734 1076 757 1113 l.
775 1087 789 1111 1
801 1087 831 1112 1.
847 1073 1088 1126 Ὕπέκρουον)
1103 1073 1307 1126 Ὕποκροὺω
1318 1103 1329 1121 ,
1349 1074 1372 1112 i.
1389 1086 1421 1112 e.
1445 1074 1627 1113 citharam
1652 1075 1782 1127 pulffi,
1797 1076 1849 1115 ci-

595 1127 702 1167 thara
711 1127 900 1179 responso.
911 1127 1035 1179 Epigr.
1046 1129 1119 1166 Hic
1129 1125 1319 1178 ὑπέκρουον
1331 1126 1382 1165 est
1394 1124 1599 1179 ἀντῆχουν,
1610 1129 1844 1177 ἀντεφώνουν.

595 1180 634 1219 Α
647 1181 789 1220 cithara
808 1183 1039 1231 metaphora.
1054 1181 1219 1221 GUYET.
1237 1179 1469 1232 ‘Torsnpouoffl
1486 1180 1527 1219 Id
1542 1180 1616 1226 est,
1638 1181 1847 1236 ἀντεφθέγ-

594 1247 736 1288 γοντο,
754 1234 972 1287 ἀντέλεγον.
996 1234 1120 1274 Schol.
1141 1233 1333 1286 Aristoph.
1357 1235 1542 1273 KUSTER.
1562 1234 1767 1286 Singularis
1791 1236 1845 1275 est

594 1288 632 1326 in
655 1289 730 1327 boc
750 1288 873 1327 verbo
892 1288 1054 1326 suavitas
1066 1317 1078 1334 ,
1099 1301 1212 1340 quam
1230 1287 1500 1327 declarabimus
1513 1300 1534 1326 e
1547 1288 1726 1340 Longino
1740 1288 1762 1327 s.
1779 1302 1844 1335 40.

594 1340 853 1392 Reprehendit
878 1341 928 1379 ibi
945 1342 1073 1380 rhetor
1088 1340 1314 1380 acutiffimus
1333 1354 1513 1380 numeros
1531 1342 1567 1379 in
1585 1343 1762 1381 oratione
1784 1343 1848 1381 ni-

594 1395 668 1432 mis
692 1395 823 1433 molles
840 1394 878 1432 &
906 1395 1140 1433 canticorum
1170 1395 1336 1433 numeris
1358 1393 1514 1441 similes,
1538 1395 1637 1434 unde
1657 1395 1731 1434 hoc
1757 1395 1845 1436 dicit

595 1446 775 1498 consequi
791 1448 889 1498 apud
904 1448 1094 1486 auditores
1106 1478 1117 1495 ‚
1139 1443 1185 1486 ὦς
1204 1447 1318 1486 ἐνίοτε
1336 1447 1560 1497 προειὲότοις
1573 1450 1644 1485 τὰς
1660 1450 1847 1497 ὀφειλομέ-

595 1514 661 1539 νοις
684 1498 914 1551 καταλήξεις
936 1499 1073 1540 αὖτοὺς
1087 1499 1293 1552 ὑποκρούειν
1313 1500 1391 1539 τοῖς
1414 1501 1594 1555 λέγουσι,
1614 1502 1677 1539 καὶ
1693 1501 1846 1552 <fidvor-

593 1567 682 1601 τας,
697 1550 743 1592 ὡς
756 1554 791 1592 ἐν
805 1553 906 1607 χορῷ
917 1568 989 1593 τινι
1003 1553 1303 1604 προαποδιὲὸνιιι
1316 1552 1383 1593 τὴν
1401 1554 1528 1599 βάσιν,
1548 1569 1635 1606 quas
1650 1555 1717 1594 iam
1731 1555 1844 1595 animo

592 1608 805 1658 praecipiunt
817 1607 990 1658 consuetas
1004 1608 1127 1646 oratori
1142 1608 1324 1657 clausulas,
1339 1623 1396 1644 eas
1416 1607 1643 1660 ipfificbmzffiz
1660 1623 1738 1647 voce
1752 1611 1850 1661 quast

587 1658 775 1710 subiiciunt
786 1676 827 1699 ac
848 1673 1006 1712 praeeant
1021 1661 1200 1699 dicentibus
1227 1661 1301 1699 &a
1328 1660 1499 1699 Sumtum
1521 1664 1635 1700 credo
1651 1674 1674 1699 a
1705 1662 1846 1701 cithar-

594 1714 721 1758 oedis,
742 1725 873 1753 cantus
893 1713 1097 1755 formulam
1125 1715 1198 1753 leni
1223 1713 1352 1752 fidium
1385 1713 1492 1766 pulsu
1514 1714 1845 1755 subindicantibus.

594 1765 652 1804 Ita
679 1779 765 1805 cum
793 1767 1040 1806 Homericam
1068 1767 1271 1807 formulam
1303 1767 1563 1818 praetexuiffet
1589 1769 1844 1820 impudentiae

595 1817 682 1859 suae
696 1818 892 1870 Cynicus,
911 1822 1102 1860 convivae
1125 1821 1188 1860 alii
1215 1821 1310 1860 alios
1330 1821 1426 1859 inter
1451 1821 1486 1860 se
1510 1833 1722 1860 memorare
1743 1822 1844 1860 ince-

597 1885 733 1924 perunt
748 1903 761 1919 ,
782 1873 954 1912 submissa
975 1885 1100 1913 tamen
1114 1887 1238 1919 voce,
1261 1873 1466 1914 versiculos
1480 1904 1492 1920 ,
1513 1876 1556 1913 ad
1573 1875 1844 1914 retundendam

595 1926 693 1964 illius
708 1927 977 1977 impudentiam
992 1939 1113 1978 aptos.
1133 1928 1221 1967 Non
1238 1940 1316 1966 etat
1333 1940 1441 1979 opus,
1460 1929 1555 1967 inter
1572 1927 1748 1967 homines
1761 1941 1846 1968 eru-

595 1978 714 2026 ditos,
732 1980 888 2032 integris
910 1982 965 2019 uti
994 1980 1188 2021 verfibus:
1214 1980 1416 2020 sufficiebat
1437 1981 1541 2020 initia
1567 1981 1740 2020 indicasse
1766 1981 1843 2021 ἃς.

596 2033 720 2078 Vide,
742 2046 840 2084 quae
859 2035 904 2073 de
928 2034 965 2073 vi
989 2033 1056 2074 τῆς
1083 2035 1155 2072 ὑπο
1175 2034 1212 2074 in
1235 2034 1454 2088 compositis
1481 2035 1643 2074 diximus
1663 2036 1708 2074 ad
1731 2036 1836 2089 Ὀρχ.

594 2098 679 2138 cap.
700 2086 757 2125 16.
777 2086 902 2127 GESN.

648 2142 722 2177 ead.
740 2139 765 2177 l.
785 2153 841 2178 12.
856 2140 1079 2189 Ἀφροιίνεις)
1095 2141 1212 2180 Hom.
1229 2140 1268 2179 ΙΙ.
1283 2145 1331 2188 H,
1358 2154 1439 2191 109.
1466 2140 1621 2180 SOLAN.

650 2193 743 2244 Pag.
763 2205 818 2244 55.
835 2193 859 2230 l.
879 2207 905 2231 1.
928 2194 1028 2231 Ἀλλ’
1042 2191 1104 2232 οὐκ
1123 2194 1335 2247 -Ἀγοιμὴ
1352 2194 1452 2233 Iliad.
1475 2201 1499 2232 A
1513 2225 1523 2241 ‚
1551 2209 1609 2241 24.
1629 2193 1785 2234 SOLAN.

649 2250 721 2284 ead.
734 2246 755 2282 l.
770 2261 805 2294 4.
819 2245 1096 2299 Ἐὃεὸοίκεσοιή
1113 2246 1182 2286 Ms.
1195 2247 1274 2287 Ox.
1294 2248 1335 2287 &
1349 2248 1398 2285 Fl.
1412 2247 1520 2286 tecle.
1538 2247 1576 2284 In
1592 2247 1743 2300 reliquis
1757 2247 1840 2287 {ss-

595 2297 796 2337 solmam.
813 2299 969 2339 δοῖ-ΑΝ.
983 2300 1107 2340 solam,
1121 2302 1198 2339 iota
1219 2301 1343 2339 deleto
1356 2300 1596 2339 {sesamam
1616 2299 1755 2340 fecerat
1770 2314 1841 2353 pro

594 2351 756 2403 vulgato
781 2351 1042 2392 ἐδεδοίκεισαν.
1062 2353 1203 2393 Rene:
1229 2355 1277 2392 ita
1298 2354 1395 2392 enim
1419 2354 1572 2392 formari
1598 2352 1701 2392 solet.
1721 2354 1766 2392 Et
1787 2355 1838 2394 fic

593 2405 798 2444 Herodian.
816 2405 927 2453 VIII,
956 2421 969 2445 1
993 2406 1016 2445 f.
1041 2405 1193 2456 ἤλπιζον
1219 2407 1264 2445 δὲ
1289 2407 1353 2445 καὶ
1378 2406 1628 2447 ὲὸεέοίκεσοιν.
1645 2407 1692 2446 Et
1716 2405 1836 2447 Diod.

591 2457 662 2496 Sic.
680 2457 718 2497 L.
733 2458 841 2497 XIV.
860 2459 903 2497 Et
919 2460 1107 2499 Herodot.
1120 2460 1195 2499 VII
1207 2459 1274 2499 sub
1292 2460 1440 2499 initium
1463 2461 1628 2499 similiter
1651 2460 1836 2503 ἀναβεβή-

593 2524 725 2554 κεσαν..
739 2510 793 2556 lta
811 2511 1063 2567 ὃιερῥώγεσιιν
1079 2514 1179 2568 App.
1192 2514 1252 2554 Al.
1271 2526 1357 2567 pag.
1375 2526 1461 2567 325,
1480 2527 1511 2556 1.
1526 2514 1572 2555 Et
1587 2513 1674 2567 quia
1693 2513 1830 2559 Gram-¹
