1907 3101
479 2540 493 2568 Φ

578 196 666 257 596
795 191 882 237 DE
915 190 1166 237 AETATE
1200 193 1284 238 ET
1315 181 1618 239 AUCTORE

574 280 882 322 Christianorum
913 281 958 320 de
987 280 1064 320 fine
1087 281 1236 326 mundi,
1271 281 1521 334 persecutioni
1544 281 1785 322 occasionem
1812 292 1828 315 1

572 336 761 388 praebuit.
785 335 843 373 Fit
858 336 950 374 haec
965 335 1028 374 vel
1043 335 1129 373 inde
1143 335 1348 387 probabilis
1363 334 1545 374 sententia
1555 367 1566 383 ‚
1584 337 1689 389 quod
1704 337 1749 375 de
1760 338 1832 377 Nc-

571 401 670 428 rone
694 399 712 419 2
739 387 1018 428 Anti-Christo
1042 387 1158 427 fimile
1178 388 1267 441 quid
1292 389 1475 429 creditum
1501 389 1592 428 olim
1619 389 1742 429 fuerit.
1767 391 1832 431 lu-

570 442 662 481 liani
678 453 803 481 autem
829 453 951 480 aetate
971 442 1084 494 longe
1104 441 1215 480 aliam
1236 455 1361 481 rerum
1385 441 1490 480 fuiffe
1512 442 1646 481 faciem
1667 443 1827 484 constat.

571 495 651 535 Sub
673 494 912 535 Constantini
936 496 990 535 M.
1015 495 1200 547 imperio,
1226 495 1299 534 alte
1318 506 1432 547 caput
1450 495 1661 534 Christiana
1686 510 1745 536 res
1765 510 1830 536 ex-

573 549 724 588 tulerat.
751 547 959 600 Propensa,
979 550 1074 600 quin
1098 548 1250 599 profusa
1276 548 1392 587 huius
1419 550 1662 599 imperatoris
1681 550 1719 588 in
1741 550 1829 603 Epi-

570 601 710 655 scopos
733 602 913 640 voluntas
932 613 1046 653 atque
1069 602 1364 649 benevolentia,
1384 612 1531 640 tantum
1556 603 1612 640 eis
1635 615 1725 641 cum
1752 617 1828 642 au-

570 656 747 694 &oritate
775 655 1046 694 conciliaverat
1071 654 1310 707 supercilium
1328 684 1340 700 ,
1364 666 1407 693 ut
1434 656 1505 694 iam
1531 667 1614 694 tum
1650 656 1829 709 iniquita-

571 710 621 748 tis
639 708 861 760 mysterium
880 709 1032 759 operari
1054 708 1206 748 occulte
1225 709 1262 746 in
1286 708 1508 760 quibusdam
1526 709 1728 760 occiperet.
1750 710 1828 750 Lu-

569 764 715 802 xuriari
738 763 868 814 itaque
895 763 968 800 iam
990 764 1029 802 84
1057 761 1277 802 insolentius
1305 760 1430 801 efferri
1452 772 1661 812 coeperant
1688 763 1827 810 animi,

572 827 618 856 ut
645 818 780 855 mirum
809 828 889 854 non
914 815 988 861 sit,
1020 828 1106 855 cum
1136 816 1283 854 eiurato
1312 816 1393 853 veri
1427 817 1593 854 numinis
1618 816 1748 864 cultu,
1781 818 1828 856 ad

569 870 769 922 gentilium
795 868 971 908 Deorum
986 898 997 913 ‚
1026 868 1122 907 Solis
1146 869 1345 921 inprimis,
1367 870 1653 908 venerationem
1676 869 1830 909 defecis-

569 924 624 962 iet
650 923 843 968 Iulianus,
876 935 954 961 non
981 921 1135 961 defuisse
1159 922 1254 961 inter
1285 922 1547 970 Christianos,
1573 925 1640 974 qui
1667 923 1827 963 liberam

569 990 713 1016 vocem
745 976 895 1014 mittere
918 976 1122 1022 auderent,
1152 975 1485 1027 infelicitatemque
1517 976 1608 1027 ipsi,
1643 988 1828 1029 tanquam

573 1030 722 1070 homini
750 1029 889 1081 impio,
919 1040 1034 1080 atque
1062 1029 1223 1081 imperio
1247 1030 1327 1068 eius
1352 1030 1632 1081 portenderent.
1668 1030 1713 1069 Et
1740 1030 1827 1070 sane

571 1086 706 1137 ingens
724 1082 835 1122 causa
859 1082 1032 1130 suberat,
1054 1095 1123 1121 cur
1138 1083 1332 1121 interitum
1358 1084 1440 1122 eius
1460 1094 1637 1135 optarent
1654 1082 1829 1123 Christia-

567 1139 618 1177 ni.
650 1137 758 1189 Quid
790 1135 890 1175 enim
924 1135 1070 1186 sperare
1103 1136 1204 1175 aliud
1239 1147 1414 1187 poterant
1442 1149 1461 1175 a
1490 1137 1638 1176 visiore
1664 1138 1826 1185 reduce,

569 1204 686 1245 quam
710 1191 902 1229 bonorum
927 1190 1157 1241 direptiones
1172 1217 1183 1233 ,
1212 1188 1404 1228 infamiam
1419 1219 1429 1236 ,
1454 1189 1494 1228 δε
1515 1190 1688 1241 corporis
1712 1192 1826 1230 etiam

568 1247 761 1285 cruciatus
784 1255 899 1294 atque
924 1242 1132 1296 supplicia?
1166 1242 1366 1294 Quorsum
1397 1243 1514 1282 multa
1538 1242 1623 1282 sunt
1646 1243 1684 1281 in
1710 1243 1827 1283 GRE-

571 1310 701 1340 Gonu
732 1298 1002 1339 NAzlANZENJ
1036 1297 1244 1336 orationibus
1270 1297 1469 1348 Philippicis
1493 1297 1649 1347 adversus
1675 1299 1825 1350 Impera-

567 1366 670 1393 torem
691 1352 882 1397 Iulianum‚
913 1351 952 1388 &
976 1350 1086 1396 alibi,
1109 1363 1207 1401 quae
1236 1349 1345 1388 facile
1368 1364 1388 1388 a
1411 1350 1544 1398 nobis,
1565 1350 1590 1388 si
1617 1350 1652 1388 id
1672 1352 1825 1403 quidem

568 1419 671 1446 nunc
694 1416 892 1456 ageremus
915 1433 929 1448 ‚
962 1403 1108 1455 possent
1132 1402 1270 1442 afferri.
1295 1403 1390 1442 Illud
1420 1415 1545 1442 tamen
1571 1404 1756 1444 monuiss'e
1783 1406 1826 1444 li-

568 1470 679 1505 ceat,
709 1457 864 1510 gentiles
885 1458 1000 1495 etiam
1030 1455 1093 1508 spe
1118 1457 1271 1495 maioris
1301 1456 1497 1496 adversum
1524 1456 1755 1498 Christianos
1783 1458 1827 1497 li-

566 1513 715 1553 centiae
742 1510 823 1562 post
848 1511 1007 1548 reditum
1032 1509 1169 1548 Iuliani
1194 1511 1423 1549 obtinendae
1453 1510 1559 1549 fuifl'e
1582 1511 1742 1551 ereslos.
1769 1511 1826 1552 Ita

544 1589 546 1591 -
568 1567 777 1606 meius
803 1575 819 1607 3
844 1563 1002 1615 sperasse
1027 1563 1123 1601 inter
1148 1563 1218 1602 alia
1238 1563 1274 1603 se
1303 1564 1418 1610 dicit,
1447 1563 1523 1602 τοῖς
1545 1563 1645 1615 ἱεροῖς
1669 1561 1827 1617 ὑποχω-

568 1617 688 1672 ρήσειν
709 1618 796 1658 τοὺς
820 1618 972 1664 τάφους·
999 1629 1166 1669 quorum
1192 1629 1237 1655 ea
1259 1618 1392 1669 procul
1412 1618 1532 1657 dubio
1552 1617 1731 1657 sententia
1752 1618 1825 1665 est,

567 1671 726 1726 sperasse
742 1703 753 1719 ‚
780 1683 844 1716 ut,
867 1669 1006 1710 eversis
1027 1681 1243 1721 martyrum
1255 1671 1443 1719 stimulis,
1464 1670 1655 1711 idolorum
1680 1671 1769 1711 fana
1785 1672 1825 1711 in

567 1740 702 1767 eorum
729 1725 857 1764 locum
877 1723 1172 1763 restituerentur.
1843 1751 1850 1755 .

624 1779 827 1820 XXXVII.
847 1778 1056 1816 Probatum
1078 1777 1149 1825 est,
1174 1789 1258 1816 tum
1283 1777 1445 1818 voluisse
1457 1776 1716 1826 Christianos,
1738 1788 1823 1818 tum

569 1832 735 1888 potuiss'e
749 1832 864 1884 paulo
877 1831 1035 1870 liberius
1048 1831 1093 1870 de
1105 1831 1255 1870 Iuliano
1268 1832 1397 1883 loqui:
1415 1832 1566 1871 locutos
1578 1830 1651 1871 effe
1662 1863 1672 1878 ‚
1687 1832 1761 1871 iam
1771 1832 1825 1872 est

570 1888 795 1927 au&oritate
806 1886 1033 1923 idoneorum
1048 1884 1277 1936 scriptorum
1290 1885 1603 1924 confirmandum.
1614 1886 1667 1924 Ut
1677 1897 1825 1925 taceam

567 1940 839 1993 pervulgatum
855 1939 946 1976 illud
962 1938 1006 1977 de
1020 1937 1228 1977 Athanasio
1239 1968 1250 1984 ‚
1263 1951 1377 1990 quem
1389 1969 1399 1983 ,
1412 1952 1502 1978 cum
1518 1938 1565 1976 ab
1576 1938 1727 1977 Iuliano
1740 1939 1825 1990 pul.

568 1994 630 2033 sus
650 1993 875 2046 Episcopatu
895 1990 987 2037 suo,
1011 1991 1050 2029 &
1078 1992 1173 2029 urbe
1195 1992 1422 2031 Alexandria
1447 1993 1667 2039 excederet,
1690 1991 1823 2032 dixiffe

569 2047 722 2088 ferunt:
757 2048 932 2093 cedamus,
955 2044 1080 2091 amici,
1109 2046 1272 2083 nubecula
1296 2048 1339 2099 est
1361 2048 1427 2085 cito
1453 2047 1635 2097 transitura
1657 2056 1690 2085 4.
1725 2045 1822 2085 Item

614 2143 625 2163 1
652 2130 827 2163 Veriorem
846 2127 1159 2173 persecutionis‘oc-
1220 2129 1382 2161 mortibus
1401 2129 1651 2161 Persecutorum
1673 2140 1701 2160 c.
1727 2139 1763 2168 2,
1786 2129 1820 2163 &

568 2175 728 2207 castonem
763 2184 803 2206 ex
837 2172 1027 2204 Tertulliano
1065 2171 1160 2203 affert
1217 2173 1401 2217 Augustinus
1420 2174 1458 2205 de
1479 2174 1575 2205 civit.
1599 2173 1661 2204 Dei
1682 2183 1740 2211 20,
1763 2175 1815 2208 16.

566 2219 752 2258 Christianus
781 2217 968 2248 Kortholtus
990 2217 1028 2248 de
1050 2215 1160 2259 perse·
1267 2229 1281 2261 3
1309 2217 1401 2249 Orat.
1416 2229 1466 2256 11,
1494 2218 1526 2248 in
1540 2228 1650 2249 necem
1665 2218 1727 2249 lul.
1742 2219 1782 2250 T.
1796 2229 1816 2250 2

566 2262 755 2295 cutionibus
770 2272 798 2292 c.
812 2262 831 2291 6
843 2286 850 2298 ,
869 2261 888 2293 S
904 2272 922 2301 7
933 2284 941 2298 ,
961 2272 992 2302 p.
1006 2261 1081 2291 260.
1219 2273 1295 2304 opp,
1311 2274 1341 2304 p.
1362 2262 1436 2305 326.
1459 2262 1540 2294 Add.
1555 2272 1636 2304 quae
1657 2261 1695 2292 ad
1710 2262 1816 2295 eiusd.

610 2319 629 2338 2
652 2305 938 2339 Vivumnimirum
952 2303 1163 2335 asservariali-
1219 2305 1340 2337 Libani}
1370 2306 1485 2338 librum
1513 2306 1551 2338 de
1576 2304 1688 2336 ulcisc.
1714 2314 1820 2339 morte

566 2350 642 2383 cubi
657 2351 837 2387 credebant,
854 2357 890 2379 ut
902 2347 1160 2380 Anti-Christum
1220 2350 1333 2382 Iuliani
1349 2349 1369 2392 ξ
1389 2361 1421 2389 5,
1441 2361 1512 2393 pag.
1530 2360 1587 2392 ¹49
1599 2374 1607 2389 ,
1631 2350 1668 2380 ab
1693 2349 1818 2382 Olearia

566 2405 622 2428 :tut
636 2394 703 2436 ipse
717 2402 825 2436 ageret
840 2393 899 2424 sub
915 2391 1011 2423 finem
1031 2392 1159 2431 muudi,
1219 2402 1331 2426 notata
1353 2393 1440 2424 sunt.

566 2448 623 2470 aut
638 2439 707 2470 eius
726 2437 836 2468 saltem
857 2435 1047 2478 praecursor
1060 2435 1156 2472 essen
1261 2451 1282 2479 4
1300 2438 1378 2474 Vid.
1394 2436 1478 2481 Rufi.
1495 2437 1537 2469 H.
1554 2437 1591 2472 Ε.
1617 2447 1654 2478 2,
1678 2447 1710 2480 3·

561 2482 716 2527 quorsum
738 2481 897 2514 videndus
920 2480 1095 2512 Lautumias
1117 2480 1156 2513 de
