1907 3101
594 249 683 298 sm
789 232 1656 283 ANNOTATtoNEs

647 322 721 360 ead.
741 321 765 361 I.
787 335 825 371 7.
851 318 999 373 Σοῦσα)
1025 320 1137 373 Quia
1156 319 1223 360 sub
1242 322 1411 363 Traiano
1437 337 1457 362 a
1479 323 1607 364 Caffio
1623 322 1793 365 Seleucia
1811 323 1854 367 &

594 374 805 427 Ctesiphon
835 386 966 426 captae
995 374 1080 412 sunt
1108 375 1149 414 δι
1182 375 1373 423 incensae,
1399 376 1483 416 sunt
1504 379 1570 430 qui
1598 390 1648 417 eo
1677 390 1853 432 tempore

593 429 776 481 scriptum
801 429 903 467 hunc
924 429 1117 480 dialogum
1140 441 1295 480 putent3
1313 429 1374 469 sed
1394 430 1446 469 illi
1468 432 1512 470 ad
1533 432 1706 472 sexcenta
1726 445 1856 473 recen·

597 483 694 521 tiora
723 496 801 521 non
828 483 1080 521 attenderunt.
1105 482 1262 523 SOLAN.

649 537 729 574 ibid.
746 534 889 588 '‘Ao-w)
909 538 955 572 T‘o
980 535 1164 585 Περσίέος
1191 537 1249 576 hic
1275 536 1395 576 deeffe
1422 537 1590 578 videtur.
1617 538 1787 580 GUYET.

651 593 725 628 ead.
747 589 1021 641 ί.8.Ἀραβίας)
1048 592 1093 626 Tb
1115 595 1142 628 A
1165 590 1203 628 in
1226 591 1378 642 Ἀραβίᾳ
1409 604 1558 644 anceps.
1581 592 1751 646 Propert.
1775 594 1856 634 Aut

590 647 627 697 fi
650 661 716 696 qim
741 644 892 682 Arabiae
907 643 993 681 lucet
1008 644 1162 696 bombyce
1180 644 1308 696 puella.
1336 643 1504 684 GUYET.

658 699 746 749 Peg.
765 702 837 745 267
864 698 884 735 l.
904 711 938 734 2.
955 696 1126 736 Πλοῦτος
1141 700 1222 749 γὰρ
1239 695 1340 747 ἦμοῖς
1360 695 1423 736 οὐκ
1448 696 1627 751 exarmet)
1647 698 1706 739 Sic
1727 712 1857 740 recen-

599 753 728 791 tiores.
752 751 880 790 Scribe
902 763 988 789 cum
1004 751 1197 802 prioribus
1214 750 1398 801 ἐκλείψει.
1419 752 1525 791 IENs.
1545 752 1754 807 Ἐκλείψει)
1774 754 1855 794 Ple-

599 805 811 857 riquelibri
836 803 1005 854 ἐκλήψει·
1040 804 1145 855 quod
1167 804 1217 844 fic
1239 817 1315 857 ego
1337 807 1496 844 mutavi.
1520 806 1677 846 SOLAN.

653 861 724 897 ead.
741 859 763 897 l.
782 871 813 909 5.
833 857 1036 902 Βαβυλῶνα
1049 858 1264 907 amomum,
1278 859 1472 911 Αἴγυπτον
1487 858 1749 913 ἓουλουμένην)
1772 859 1856 900 Sta-
1872 905 1876 908 ,

600 914 666 953 bat
687 913 808 951 adhuc
828 912 986 951 Luciani
1011 922 1135 950 aetate
1156 912 1336 963 Babylon
1363 913 1528 964 antiqua.
1553 914 1800 953 Vid.‘Emo·1e.
1819 925 1854 954 c.

599 982 664 1019 23,
681 968 720 1006 ἃ
739 963 830 1020 Εὖχ.
852 978 883 1004 c.
905 980 964 1017 34.
991 965 1092 1004 Audi
1105 977 1231 1005 tamen
1245 995 1257 1011 ‚
1274 966 1362 1018 quid
1373 967 1589 1006 Bochartus
1600 979 1644 1006 ex
1669 966 1759 1005 Plin.
1774 968 1856 1014 Vl,

599 1020 664 1066 26,
679 1020 713 1058 8(
728 1019 916 1058 Strabone
925 1019 1021 1058 XVI
1037 1019 1216 1070 proferat,
1232 1033 1311 1072 quo
1323 1020 1694 1073 Seleuciamintelligi
1707 1021 1858 1072 probet,

598 1087 689 1115 cum
706 1086 751 1112 ea
768 1084 891 1112 aetate
908 1073 947 1111 δι
964 1073 1139 1126 deinceps
1153 1073 1333 1124 Babylon
1351 1075 1584 1114 nominatur.
1601 1074 1760 1113 SOLAN.

603 1174 625 1183 Ν
653 1130 727 1166 ead.
751 1128 771 1164 l.
799 1128 834 1166 6.
867 1127 1042 1165 Δοὺλειον
1068 1127 1192 1179 nycte)
1213 1127 1328 1182 1122,
1352 1129 1425 1180 463
1446 1149 1515 1174 ‚-
1533 1128 1682 1178 ἀμύνειν
1708 1127 1857 1169 humo?
1906 1152 1907 1180 l

601 1184 712 1234 ἡμας·
745 1180 783 1219 δι
808 1192 896 1219 ante
918 1193 991 1232 455
1009 1209 1018 1224 2
1049 1180 1224 1232 ἐλεύθερον
1251 1182 1348 1232 ὑμᾶς
1375 1180 1551 1231 ἀπούρας.
1579 1179 1708 1220 GESN.
1749 1196 1752 1198 ·
1906 1182 1907 1206 ²

655 1239 727 1274 ead.
745 1235 767 1273 l.
782 1249 817 1287 9.
832 1233 1079 1285 'Eq‘a-pbv‘tss)
1099 1232 1198 1293 Quo
1219 1236 1301 1273 iure
1322 1246 1447 1274 autem
1460 1236 1549 1274 dicit
1563 1234 1753 1287 Triepho‚
1771 1248 1856 1275 mo-

600 1290 651 1328 do
677 1300 866 1340 repertum
893 1288 940 1327 ab
967 1287 1051 1337 ipsis
1077 1287 1150 1327 esse
1173 1289 1321 1340 ignotum
1343 1289 1492 1327 Athenis
1505 1291 1645 1337 Deum,
1672 1302 1759 1329 cum
1781 1290 1856 1329 iam

597 1343 708 1395 supra
727 1354 759 1381 c.
780 1343 824 1380 18
840 1355 906 1394 per
928 1342 1090 1380 eundem
1107 1343 1288 1381 iuraverit
1301 1341 1454 1390 Critias,
1473 1342 1585 1394 idque
1596 1355 1646 1382 eo
1666 1353 1857 1395 tempore,

601 1410 691 1436 cum
723 1406 972 1448 quaereretur
998 1408 1140 1434 numen
1157 1425 1170 1441 ,
1195 1408 1264 1449 per
1286 1396 1390 1447 quod
1419 1396 1537 1435 iurari
1564 1396 1688 1436 valide
1715 1396 1857 1448 possen

599 1452 705 1503 quod
731 1462 856 1488 tamen
872 1479 883 1494 ,
909 1461 1091 1500 tanquam
1116 1450 1240 1488 obiter
1263 1450 1430 1496 dfflum,
1454 1449 1601 1489 silentio
1628 1450 1857 1489 transmitte·

601 1506 665 1543 hat
684 1504 870 1555 Triepho.
895 1504 956 1541 An
973 1515 1019 1540 ex
1036 1503 1222 1542 hodierno
1236 1502 1436 1547 Gallorum
1457 1504 1633 1543 idiomate
1649 1502 1773 1543 sensus
1786 1503 1857 1543 est:

604 1560 715 1597 allons
737 1570 872 1597 trouver
889 1557 917 1595 le
935 1557 1031 1595 Dieu
1055 1557 1201 1595 incomzu
1224 1558 1415 1595 d’Athe'nes
1428 1558 1448 1596 ἓ
1471 1556 1596 1597 GESN.

655 1614 727 1651 ead.
747 1612 771 1651 l.
799 1625 855 1650 10.
887 1605 1244 1663 Εὗχιιριστήσομεν)
1278 1610 1339 1649 Est
1366 1623 1448 1649 vox
1470 1612 1623 1650 minime
1648 1610 1860 1657 Lucianea‚

600 1667 626 1704 i.
651 1679 683 1705 e.
705 1665 846 1704 Attica.
882 1665 1068 1703 Kusmz.
1100 1665 1215 1716 Apud
1242 1664 1423 1703 idoneum
1443 1664 1640 1704 auctorem
1666 1663 1856 1716 nusquam

600 1721 755 1772 reperiri
788 1720 1010 1770 pronuntiat
1036 1718 1209 1757 Thomas
1236 1717 1435 1770 Magister,
1464 1731 1502 1756 v.
1527 1721 1642 1771 χάριν
1668 1713 1757 1758 οἷέέι
1783 1730 1855 1757 σοι·

600 1775 706 1825 quod
730 1773 971 1824 aliquatenus
995 1784 1134 1810 verum
1156 1771 1234 1819 est;
1270 1771 1388 1811 exstat
1411 1783 1536 1810 tamen
1565 1772 1603 1810 in
1628 1772 1781 1811 Arriani
1810 1772 1857 1810 ad

602 1827 722 1879 Epio.
739 1838 944 1866 comment.
966 1838 1048 1878 pag.
1065 1826 1114 1874 64
1134 1826 1177 1865 Β.
1194 1839 1244 1877 77
1259 1825 1303 1865 C.
1327 1836 1368 1865 ut
1387 1824 1428 1864 δι
1448 1822 1682 1878 εὗχάριστος
1706 1838 1791 1878 pag.
1806 1827 1858 1873 64

602 1881 700 1921 B.C.
721 1881 878 1920 SOLAN.

658 1938 730 1974 ead.
747 1936 769 1973 l.
790 1948 803 1972 1
817 1949 847 1973 1.
863 1932 1033 1972 Τοιούτου
1051 1933 1225 1985 κράτους)
1248 1932 1323 1971 Pro
1342 1931 1576 1984 imperatore
1596 1931 1678 1984 ipso
1702 1932 1859 1985 ponitur

603 1993 748 2039 κράτος.
783 1989 838 2027 lta
854 1989 964 2026 etiam
983 1988 1244 2026 Nazianzenus
1271 1986 1380 2037 Epist.
1405 1986 1489 2038 183,
1513 2001 1550 2038 p.
1575 1985 1667 2039 893,
1688 1985 1742 2035 ’τῷ
1763 2000 1859 2037 παρ·
1905 2006 1906 2036 i

603 2044 678 2081 ὄντι
702 2042 855 2093 κράτει,
873 2043 908 2079 id
931 2040 983 2080 est
1000 2071 1009 2082 ,
1034 2041 1282 2090 lmperatori‚
1305 2042 1359 2079 τὰ
1375 2039 1443 2080 τοῦ
1465 2040 1637 2092 κράτους,
1651 2052 1749 2092 quae
1771 2038 1858 2079 sunt
1906 2050 1907 2067 ³

602 2096 871 2147 Imperatoris,
897 2094 1071 2147 praestari
1095 2095 1212 2133 iubet.
1234 2093 1360 2134 GESN.
1906 2133 1907 2141 ἵ

657 2150 769 2189 ead.l.
795 2164 853 2201 13·
882 2146 933 2188 Οὖ
953 2147 1374 2199 φροντὶςζῐπποκλειὲῃ)
1401 2145 1545 2186 Eodem
1573 2147 1732 2197 adagio,
1753 2145 1859 2197 quod

602 2202 656 2242 est
682 2205 729 2242 ab
746 2204 903 2243 Erasmo
927 2202 1158 2255 explicatum
1173 2232 1186 2248 ,
1210 2201 1442 2254 Apologiam
1465 2213 1536 2253 pro
1557 2199 1738 2239 Mercede
1756 2199 1861 2239 Con·

603 2257 725 2296 duois
744 2258 933 2296 Lucianus
954 2255 1151 2295 conclufit.
1177 2255 1302 2295 GEsN.
1626 2292 1628 2295 ,
1906 2286 1907 2289 ,

659 2312 770 2351 e.1d.l.
793 2326 850 2359 14.
875 2305 1017 2362 Οὗτος)
1042 2309 1192 2348 Reiecit
1217 2310 1314 2347 hanc
1343 2318 1472 2346 notam
1497 2307 1555 2347 ed.
1575 2307 1619 2346 Ρ.
1643 2305 1686 2345 ln
1704 2304 1861 2358 quibus·
1906 2330 1907 2334 =

605 2365 689 2403 dam
715 2366 765 2403 ita
793 2363 1026 2407 adscribitur,
1056 2374 1096 2402 ut
1128 2375 1174 2401 an
1203 2363 1249 2400 ad
1271 2364 1554 2415 praecedentem
1586 2360 1777 2404 libellum,
1809 2371 1859 2398 an

607 2420 652 2457 ad
665 2418 904 2471 sequentem,
930 2417 1058 2456 referri
1080 2417 1298 2463 voluerint,
1327 2415 1478 2454 nescias,
1503 2415 1592 2453 Mos
1614 2425 1795 2466 receptusv
1809 2413 1857 2451 ad

607 2472 824 2524 sequentem
844 2471 983 2511 referre
1009 2471 1126 2509 iubet.
1150 2470 1219 2509 Sed
1241 2470 1327 2508 vide
1354 2480 1486 2508 notam
1509 2467 1674 2506 nostram
1695 2467 1739 2506 ad
1762 2466 1862 2504 fimi·

604 2526 638 2568 le
653 2526 847 2567 Scholium
869 2525 936 2565 fini
958 2524 1144 2578 sequentis
1163 2523 1340 2577 opusculi
1360 2523 1546 2571 additam3
1571 2521 1671 2561 unde
1689 2519 1833 2573 patebit
1846 2547 1860 2566 ,
