1907 3101
240 201 311 246 IN
345 201 686 248 Icl‘ISTOLAS
723 202 1148 252 SirxTURNALES.
1236 223 1321 270 343

116 290 206 340 Pag.
227 302 286 328 22.
305 292 330 329 l.
351 307 387 339 4.
408 291 506 330 Οὔτε
528 294 679 342 λοιμὶς)
703 292 995 333 Obversabatur
1024 294 1139 334 menti
1163 293 1329 334 scriben-

64 340 110 381 tis
134 343 228 382 haec
252 344 408 385 Luciani
430 346 639 386 amuletum
668 347 900 393 Alexandri,
928 349 973 387 de
996 361 1076 401 quo
1105 348 1223 401 legisti
1255 349 1329 387 illic

62 406 145 447 cap.
168 398 228 449 36.
251 398 409 438 SOLAN.

240 571 307 615 IN
343 573 684 618 EPISTULAS
731 573 1155 618 SATURNALES.

119 657 211 709 Pag.
229 672 291 710 23.
309 659 331 697 l.
345 674 378 712 3.
394 659 448 699 ’[Ξν
467 656 521 700 οἷς
544 660 637 713 εἴην)
658 661 778 700 Reae
793 662 973 709 vertitur,
985 661 1020 699 in
1036 676 1101 712 quo
1109 663 1204 713 statu
1221 662 1323 712 effim.

64 707 182 765 Diod:
203 711 315 751 Sicul.
333 713 445 761 XIV,
465 727 498 753 c.
521 714 569 763 48
595 714 619 752 f.
644 716 706 753 καὶ
729 717 782 754 τὰ
803 714 869 764 μὲν
883 715 965 765 περὶ
988 714 1176 753 Διονύσιον
1194 714 1228 753 ἐν
1245 717 1331 753 τοὺ-

64 779 145 803 τοις
158 758 207 805 ἦν.
224 765 364 805 Iterum
385 768 433 807 ib.
450 780 484 808 c,
499 781 544 816 71
569 767 591 806 f,
611 781 654 807 ac
671 768 889 821 frequenter
906 768 1004 807 alibi.
1026 768 1071 807 Et
1090 768 1138 806 ita
1159 768 1194 806 in
1214 769 1327 819 Epist.

62 818 110 856 ad
130 818 258 870 Philip.
279 821 352 866 IV,
372 837 384 860 1
400 836 431 869 1,
446 819 591 871 ἔμαθον,
607 822 642 861 ἐν
667 819 719 860 oi}
739 821 814 872 εἰμι
842 817 1033 873 αὖτέιρκης
1057 819 1163 861 εἶναι.
1184 822 1260 861 Ubi
1284 823 1328 863 L.

64 871 143 911 Bos
162 872 202 911 δε
225 873 316 914 haec
338 876 495 914 Luciani
517 876 635 931 verba
656 875 767 914 addit.
790 875 928 915 Noster
943 875 1053 929 supra
1075 875 1224 927 Peregr.
1244 889 1333 929 cap.

69 925 137 973 16,
160 926 195 965 ἐν
219 926 367 967 ἄπεισιν
391 928 558 978 ἀφθόνοις
585 931 635 967 ην.
658 929 804 968 REITZ.

120 982 195 1018 ead.
211 983 233 1019 l.
256 995 313 1020 11.
338 986 382 1020 Tb
398 984 521 1023 cirtio-ov
548 981 659 1022 τοῦτο
685 982 826 1036 aasz.)
853 982 1048 1035 spectavit
1074 982 1169 1023 hanc
1189 991 1333 1035 aequa⁴

63 1032 206 1073 tionem
235 1034 365 1083 Plato,
388 1037 428 1076 &
448 1048 535 1076 ante
560 1049 647 1075 eum
676 1037 882 1090 Lycurgus
905 1036 1075 1076 instituit.
1098 1037 1179 1078 Cic.
1208 1038 1248 1077 L.
1273 1037 1330 1077 111

66 1087 181 1127 Offic.
205 1088 364 1128 SOLAN.

120 1145 192 1183 ead.
209 1144 230 1181 l.
251 1157 261 1181 1
277 1157 309 1195 3.
324 1143 386 1183 Ὡς
401 1143 464 1182 καὶ
480 1141 554 1192 νῦν)
573 1143 790 1196 Legendum
807 1142 894 1183 fors.
914 1141 960 1183 ὥς
979 1145 1057 1197 ’γὰρ
1079 1143 1147 1183 νῦν.
1161 1144 1226 1183 Ed.
1243 1146 1331 1196 Bas:

66 1190 115 1234 ὧς
134 1195 179 1235 Σὲ
199 1197 324 1237 habet.
343 1198 512 1238 GUYET.
543 1197 768 1243 Affentizer,
790 1197 818 1237 si
846 1198 929 1237 libri
949 1198 1174 1237 addicerent.
1204 1198 1331 1238 Potest

66 1260 193 1288 tamen
214 1251 277 1290 vel
294 1251 370 1291 sine
389 1252 434 1290 iis
453 1253 502 1290 ita
520 1250 614 1304 legi,
633 1252 722 1303 quia
743 1250 929 1303 perfacilis
949 1251 1002 1290 est
1025 1252 1060 1289 in
1086 1251 1185 1291 hisce
1210 1252 1248 1290 ἃ
1272 1252 1331 1291 so-

67 1302 202 1342 lemnis
218 1306 474 1355 permutatio,
492 1305 533 1344 δι
559 1305 635 1344 fine
652 1304 866 1344 necessitate
881 1306 991 1344 etiam
1008 1318 1101 1344 mox
1117 1306 1173 1344 bis
1189 1304 1231 1342 Σὲ
1248 1319 1330 1344 rur-

66 1356 149 1396 sum
175 1358 442 1411 consequitur3
463 1370 751 1405 verumtamen,
773 1372 861 1398 cum
881 1358 1156 1398 usitatiffimum
1180 1358 1221 1396 sit
1244 1359 1330 1398 No-

69 1411 170 1458 stro,
190 1413 226 1451 in
246 1414 433 1452 narrando
449 1412 500 1452 stc
523 1412 568 1452 Σὲ
588 1413 838 1459 connectere,
862 1413 916 1451 nil
939 1413 1063 1451 audeo
1089 1423 1249 1451 mutare.
1271 1412 1333 1452 Sic

68 1464 164 1503 infra
180 1479 212 1505 c.
229 1479 291 1517 23,
306 1466 427 1518 ἑορτὴν
443 1466 489 1506 <Fe
503 1496 516 1512 ,
539 1466 569 1505 εἰ
592 1466 635 1506 Σὲ
653 1489 697 1496 -
715 1466 817 1517 ἡμεῖς
831 1466 889 1506 δέ.
907 1466 1058 1506 Deinde
1075 1466 1160 1505 ibid.
1180 1469 1243 1504 τὸν
1269 1467 1337 1504 κὺ-

70 1532 117 1559 ιά
128 1519 271 1561 ‹sk-722
286 1518 342 1560 νῦν
357 1519 606 1570 Σὲ-μᾶλλον
621 1520 679 1560 δέ.
695 1520 741 1559 Et
756 1519 910 1572 singulis
925 1519 1003 1559 fere
1017 1519 1338 1572 Dialog.RE1Tz.

123 1575 202 1612 ihfd.
221 1572 285 1613 Ὠς
303 1576 366 1613 καὶ
382 1573 440 1614 νῦν
462 1574 616 1628 ἔχομεν,
634 1573 783 1625 μύρμηξ
806 1572 823 1614 {v
846 1574 1032 1623 κάμηλος,
1052 1570 1097 1613 ὣς
1113 1574 1130 1613 {a
1150 1574 1336 1623 παροιμία.

70 1627 163 1675 φησὶ
180 1627 283 1680 Stc.)
302 1628 491 1680 Queritur
512 1629 574 1667 liic
593 1628 738 1681 Pauper
754 1659 764 1674 ‚
784 1628 888 1680 quod
907 1639 982 1666 tam
1007 1628 1102 1667 male
1128 1626 1243 1666 divila
1263 1627 1336 1665 sint

70 1681 168 1720 inter
184 1683 358 1722 homines
373 1683 475 1722 bona
488 1713 499 1731 ‚
515 1695 578 1730 ut,
596 1682 685 1721 dum
703 1682 763 1720 alii
782 1682 923 1732 opibus
943 1680 1121 1727 affluunt,
1138 1681 1199 1720 alii
1214 1681 1338 1719 omni-

71 1747 129 1774 no
143 1747 316 1775 careant:
338 1749 416 1775 rem
438 1747 564 1776 autem
585 1736 683 1776 hanc
701 1737 750 1774 ita
765 1735 838 1774 efie
848 1745 1106 1787 comparatam
1120 1766 1131 1781 ,
1150 1747 1193 1773 ac
1210 1734 1236 1772 sl
1251 1735 1338 1786 quis

72 1789 195 1829 altero
221 1791 314 1842 pede
335 1791 606 1836 cothurnatus,
636 1790 757 1829 altero
779 1790 888 1842 plane
912 1802 990 1828 non
1009 1789 1217 1836 calceatus,
1235 1800 1339 1827 nunc

72 1843 184 1883 valde
216 1857 424 1897 procerus,
452 1857 556 1883 nunc
586 1843 819 1883 humillimus
847 1843 1032 1882 videatur.
1058 1843 1117 1881 Ad
1150 1842 1185 1880 id
1216 1842 1339 1881 utitur

72 1899 287 1949 proverbio
301 1898 450 1950 μύρμηξ
465 1897 482 1939 ἦ
501 1899 678 1948 κάμηλος.
696 1898 758 1937 Sic
779 1910 943 1949 namque
960 1897 996 1935 in
1013 1896 1194 1936 omnibus
1208 1896 1339 1934 editio-

74 1952 188 1991 nibus
209 1952 360 2005 legitur,
379 1965 450 1991 nec
466 1953 570 1991 aliter
585 1952 633 1990 ab
651 1951 1001 2004 paroemiographis
1021 1951 1157 1989 adduci
1174 1949 1269 1989 istud
1284 1949 1344 1987 vi-

75 2005 169 2054 dec,
192 2007 231 2046 δι
252 2007 405 2058 quidem
424 2019 473 2045 ex
497 2007 573 2046 hoc
592 2005 749 2045 Luciani
771 2005 872 2044 loco.
896 2005 980 2056 Ego
1002 2017 1097 2043 vero
1121 2004 1249 2042 nullus
1272 2003 1343 2043 du-

75 2058 177 2107 bito,
201 2061 291 2112 quin
321 2060 575 2112 proverbium
599 2060 805 2112 genuinum
828 2058 897 2105 sit,
920 2058 1073 2110 Μύρμηξ
1098 2057 1117 2095 ’ἢ
1145 2058 1346 2108 κάμηλος,

76 2124 192 2165 atque
206 2115 256 2152 ita
279 2115 432 2154 demum
447 2113 548 2153 recte
565 2113 686 2166 potest
708 2113 1002 2167 proverbialiter
1026 2112 1194 2150 adhiberi
1218 2111 1263 2149 de
1279 2123 1345 2149 re-

76 2167 151 2206 bus
172 2168 334 2206 maxime
352 2168 622 2220 inaequalibus.
640 2167 760 2218 Quae
775 2167 875 2206 enim
890 2167 1109 2218 ἄνια-ἔντερα,
1128 2178 1242 2217 quam
1261 2163 1349 2203 for-

79 2221 176 2259 mica
196 2221 236 2260 &
255 2221 449 2261 camelus?
465 2222 506 2260 Id
527 2234 620 2273 ergo
635 2221 824 2260 Lucianus
840 2219 981 2267 noster,
996 2219 1076 2259 sive
1089 2218 1253 2270 Pauper,
1269 2217 1345 2256 ait:

78 2274 117 2313 Si
141 2274 361 2315 universum
379 2276 590 2315 humanum
611 2288 731 2328 genus
749 2274 946 2327 respicias,
972 2274 1012 2313 &
1030 2275 1066 2312 'in
1088 2285 1137 2311 eo
1162 2283 1348 2324 pauperes

78 2341 122 2368 ac
136 2329 271 2368 divites
283 2359 295 2375 ‚
314 2329 442 2369 videre
459 2340 495 2370 te
507 2329 571 2368 vel
585 2331 797 2380 μύρμηκας,
816 2328 879 2368 vel
894 2326 1098 2379 καμήλους,
1114 2338 1246 2379 putes·,
1265 2336 1350 2385 tan-

77 2392 116 2420 ta
131 2382 183 2421 est
212 2383 311 2421 inter
330 2383 529 2423 universos
548 2383 783 2422 conditionis
804 2383 845 2422 δι
868 2381 1108 2420 fortunarum
1133 2378 1350 2430 inaequali-

79 2447 146 2475 tas.
168 2436 356 2489 IENs.'¹H)
374 2437 485 2476 Ienfii
506 2437 812 2477 emendationem
830 2434 1061 2475 confirmant
1074 2434 1117 2472 L.
1136 2433 1218 2472 Coll.
1237 2432 1277 2471 δε
1293 2431 1350 2469 Fl.

78 2488 121 2529 ln
139 2490 292 2544 reliquis
311 2489 493 2545 impreffis
515 2503 634 2546 prave
652 2491 790 2544 legitur
810 2487 843 2532 ἦ.
862 2487 1127 2581 ΒοιΑΝᾷΙυε
1143 2496 1245 2528 certe
1264 2483 1351 2525 salis

1083 2556 1107 2585 4
