1907 3101
591 182 677 242 338
799 148 1685 229 ANNOTATIONES'

639 269 712 306 ead.
736 269 763 307 l.
781 282 836 307 12.
847 265 1137 332 ”Αρχετο)νὶἀ.
1154 267 1262 321 supra
1282 281 1314 308 c.
1335 282 1379 334 17
1399 268 1422 308 f.
1444 269 1609 322 ἄρξατο,
1630 271 1670 310 &
1694 272 1847 312 moxoi-

588 321 817 371 κσὲὁμεσνε,
843 337 913 370 223
939 319 1132 373 munigno,
1153 323 1328 369 λίσσετο,
1342 321 1492 362 ἅπτετο
1518 326 1593 365 &c-
1616 326 1745 364 itidem
1766 326 1843 367 fine
1904 350 1906 354 ν

587 386 816 427 augmento,
832 377 868 414 δε
886 389 918 414 c.
937 390 1006 423 24,
1030 390 1172 429 αρχετο
1194 374 1356 414 rursum.
1371 376 1518 415 RErrz.

638 432 710 466 ead
737 429 979 482 l.16.Nnov)
1002 430 1092 468 Non
1117 427 1288 468 ausculto
1312 429 1445 469 Codici
1467 432 1536 469 W
1558 430 1636 470 νεὼν
1660 430 1841 471 scribenti.

585 483 676 520 Νηος
691 482 833 522 Herod.
855 483 912 529 II,
937 496 1009 531 170
1025 482 1074 521 D
1090 483 1128 521 &
1148 483 1358 535 paulopost
1372 483 1419 523 ib
1439 494 1585 536 quater.
1603 485 1648 524 Et
1671 486 1722 524 ita
1743 486 1842 526 bene
1904 461 1906 476 L

584 535 723 574 Noster
738 536 831 575 infra
847 549 876 575 c.
893 536 940 575 26
956 536 1028 575 &e
1052 536 1193 574 Rmz.

640 590 727 642 Pag.
747 591 827 629 106.
842 590 863 627 l.
879 588 1003 641 41-111)
1028 590 1108 628 Iam
1133 587 1349 629 contracte.
1370 599 1408 626 at
1426 588 1569 641 supra*
1551 604 1620 638 εην,
1639 603 1671 629 c.
1692 591 1737 629 18
1757 590 1843 644 post

584 643 683 681 med.
699 643 804 694 quod
817 643 967 694 quidem
985 645 1101 694 magis
1119 642 1304 681 Ionicum.
1319 642 1388 680 Sed
1404 644 1441 682 δι
1460 645 1654 682 contraete
1669 655 1742 682 tam
1760 658 1842 684 cre-

583 696 656 735 bro
672 697 855 748 Hippocr.
873 696 910 735 &
928 697 1072 735 Herod.
1093 707 1134 735 ut
1151 696 1241 734 nihil
1259 707 1411 735 mutem.
1420 694 1540 735 Ὅταν
1557 696 1593 735 &n
1615 698 1713 750 apud
1732 698 1838 737 illum

582 750 659 788 Ide
675 750 802 788 Morb.
818 762 898 802 pag.
917 763 930 788 1
945 763 958 787 1
979 763 1035 802 pr.
1052 751 1068 789 ii
1092 750 1106 788 Ι
1130 749 1263 809 Aph.3
1273 748 1407 788 Plura
1421 749 1532 788 huius
1549 749 1688 790 farinae
1705 752 1840 791 addere

583 804 718 841 taedet.
740 803 816 841 Nisi
839 803 942 855 quod
959 804 1082 842 itidem
1098 814 1269 841 varietur
1290 815 1326 840 in
1343 818 1378 853 η
1402 802 1451 841 ΠΙ
1467 803 1569 855 Aph
1597 818 1645 857 9,
1668 817 1753 843 cum
1776 804 1839 855 ἐοιρ

583 857 672 895 ibid.
692 870 731 894 11
752 857 791 895 &
809 870 866 895 12.
889 857 959 896 Sed
983 850 1019 909 rip
1038 857 1173 896 eodem
1197 856 1298 909 Aph.
1315 819 1394 894 &a
1370 870 1448 907 ηρος
1472 856 1572 909 Aph.
1601 871 1650 897 20
1673 857 1837 897 eiusdem

583 910 680 948 δεδι.
702 910 848 948 Rmz.

636 966 711 1001 ead.
728 965 751 1002 l.
771 977 827 1002 ιι
845 964 903 1001 Ἐκ
924 962 1098 1015 δείπνου)
1118 962 1240 1001 Proba
1261 961 1415 1015 phrasis
1438 963 1556 1016 Leop
1576 977 1659 1013 127.
1675 963 1836 1005 SOLAN.

636 1020 708 1055 ead.
726 1018 746 1055 l.
766 1030 822 1056 12
840 1017 1026 1078 Λίσσετο)
1050 1017 1095 1056 Et
1109 1015 1158 1055 sic
1179 1016 1288 1068 supra
1303 1029 1333 1056 c.
1355 1029 1422 1068 19·
1414 1045 1425 1064 ,
1446 1030 1612 1070 cumque
1634 1017 1697 1057 δι
1688 1032 1838 1058 ocor-teu
1896 1051 1897 1056 ,

582 1070 820 1122 adiungatur,
836 1083 913 1108 non
930 1067 1099 1116 limen,
1115 1070 1203 1108 nihil
1219 1080 1338 1108 muto
1351 1070 1492 1109 REITz.

637 1117 1322 1188 I’ag.107.l.2.’‘Hvsme)1tascribo;
1337 1123 1710 1186 v.adc316.RE1·rz.

635 1178 714 1215 ibid.
732 1179 787 1215 T&
801 1176 938 1216 οὔποτε
951 1175 1088 1215 ἔλπετο
1100 1207 1111 1223 ,
1125 1178 1261 1225 μανίης
1275 1176 1343 1225 μὲν
1364 1191 1459 1214 ουτω
1471 1176 1633 1241 ἔσχετο,
1649 1177 1775 1229 ἔρωτος
1787 1177 1833 1218 Σὲ

581 1225 704 1282 οὖθαρ
701 1246 736 1280 ᾳ
716 1229 915 1283 ἐλήθετο)
936 1231 1046 1269 Haud
1064 1231 1389 1282 dubielegendum
1412 1230 1627 1284 ἀπέσχετο.
1646 1231 1834 1282 Interpres

581 1296 739 1335 quoque
761 1284 880 1336 destitit
900 1283 1068 1322 reddidit.
1096 1284 1281 1322 Nimirum
1308 1284 1557 1330 Stratonice,
1584 1297 1671 1323 cum
1697 1284 1832 1324 frustra

580 1336 852 1376 Conibabum
844 1350 882 1375 in
896 1349 1065 1376 amorem
1079 1336 1131 1377 sui
1143 1338 1316 1388 pellicere
1330 1338 1508 1376 omnibus
1522 1339 1667 1377 viribus
1681 1348 1836 1377 conten-

581 1389 707 1438 diffet,
725 1390 947 1430 Combabus
972 1391 1121 1429 tandem
1147 1391 1329 1438 ostendit,
1350 1389 1386 1429 se
1402 1392 1595 1443 μεγαλοις
1615 1405 1832 1444 μυστηριοις

580 1455 659 1481 non
682 1443 755 1483 effe
772 1455 931 1496 aptum,
946 1445 1087 1496 quippe
1102 1445 1165 1497 qui
1186 1445 1220 1483 id
1243 1443 1310 1482 fibi
1332 1444 1575 1489 exsecuiffet,
1599 1457 1679 1496 quo
1701 1445 1832 1484 virum

580 1497 761 1549 potuisset
779 1510 900 1550 agere.
921 1498 1013 1536 Illa
1001 1510 1134 1550 ltaque,
1149 1500 1240 1549 visis,
1260 1514 1313 1550 qu
1305 1513 1343 1535 ae
1363 1513 1533 1550 nunquam
1542 1499 1760 1549 speraverat,
1769 1501 1807 1549 s
1790 1514 1825 1537 c

578 1552 708 1601 quidem
727 1567 749 1588 a
757 1550 874 1602 furore
887 1551 945 1588 illo
963 1552 1099 1603 destitit,
1122 1567 1291 1604 nunquam
1305 1563 1412 1588 tamen
1427 1553 1551 1589 amoris
1568 1553 1669 1590 oblita
1685 1553 1737 1603 est.
1752 1552 1827 1592 Pro

579 1615 629 1641 eo
651 1617 683 1643 c.
701 1619 748 1656 39
763 1605 1123 1653 (ὶὶείῐυῑμεινὶηςμὲν
1139 1608 1274 1643 ἐκείνης
1291 1605 1561 1644 ἀπεπαύσατο.
1585 1605 1701 1644 Forte
1722 1606 1761 1644 &
1775 1604 1831 1644 οὕ-

577 1670 691 1702 κοτε,
710 1671 786 1696 non
806 1657 961 1704 οὔποτε,
983 1657 1146 1709 scripsit’
1150 1657 1310 1704 Ιωνικῶς,
1331 1669 1372 1696 ut
1386 1656 1537 1710 suprac
1557 1672 1601 1705 14
1615 1659 1711 1698 med
1726 1658 1827 1697 οὔκο-

576 1723 621 1748 τε
636 1710 773 1760 ἰχθύων
786 1711 965 1760 ψαύουσι.
979 1711 1084 1750 ΙΕΝε.
1100 1711 1214 1750 Certe
1227 1711 1353 1750 οὔκοτε
1373 1712 1442 1763 leg
1460 1711 1555 1750 etsi
1541 1712 1655 1751 οπὸτε
1670 1725 1828 1766 quoque

575 1763 614 1801 in
639 1765 783 1803 Herod
795 1765 874 1812 VI,
890 1764 962 1816 387
987 1764 1031 1804 C.
1049 1777 1121 1817 pro
1142 1764 1271 1811 ὁκότε,
1296 1765 1399 1816 quod
1428 1765 1516 1804 mibi
1536 1767 1674 1819 pariter
1697 1766 1828 1819 suspe-

573 1816 701 1863 ἃυιη,
726 1819 815 1870 quia
831 1817 1034 1857 sexcenties
1049 1819 1158 1857 aliter
1171 1819 1294 1857 habet.
1310 1818 1446 1858 REITz.

628 1874 702 1909 ead.
718 1873 742 1909 l.
759 1886 790 1924 3.
805 1870 1182 1924 Μανὶης-ὲσχετο)
1205 1872 1264 1910 Ad
1287 1872 1468 1918 verbum,
1490 1872 1593 1910 tenuit
1607 1871 1665 1924 fi’,
1682 1871 1824 1924 constitit

566 1922 713 1973 fitroris,
734 1925 821 1973 vel,
841 1937 1000 1976 quantum
1020 1929 1069 1964 ad
1073 1925 1233 1976 furorem
1252 1927 1457 1964 Homerica
1480 1927 1620 1965 dicendi
1645 1926 1766 1972 ratio,
1788 1927 1824 1965 id

574 1975 638 2022 est,
659 1978 815 2030 optima.
830 1978 869 2016 Il.
888 1982 922 2026 P,
935 1980 1027 2032 696,
1042 1980 1078 2017 δι
1096 1979 1294 2030 aliquoties
1307 1979 1409 2024 alias,
1425 1983 1522 2017 &aas
1525 1978 1561 2029 pii
1578 1979 1623 2018 ὃέ
1640 1979 1822 2031 οἱέσχετο

572 2031 684 2079 φωνη,
697 2047 766 2070 vox
772 2031 935 2082 fhuczbus
949 2035 1039 2084 fiaes
1024 2045 1063 2071 t
1077 2032 1151 2072 Od
1168 2037 1201 2079 l’,
1223 2031 1313 2081 238,
1327 2032 1482 2083 <ppwie9’
1495 2034 1658 2083 ἔσχετο,
1670 2045 1711 2072 ut
1723 2033 1822 2072 (rer-

571 2085 695 2131 mani,
717 2100 753 2122 er
766 2086 846 2123 hielt
863 2087 1002 2136 anficlz.
1022 2087 1170 2137 Hymn
1186 2086 1447 2135 XXV11,12,
1471 2085 1613 2138 ἔσχετο
1631 2085 1699 2125 ἓὲ”
1690 2084 1821 2135 daun,

568 2140 826 2190 constititmare.
844 2138 884 2177 Il.
902 2145 953 2186 X,
972 2141 1070 2188 416;
1090 2141 1129 2178 it.
1143 2138 1216 2178 Od.
1239 2144 1260 2176 Β
1275 2152 1367 2200 ,7ο,
1382 2140 1539 2192 Σχέσὸε
1556 2140 1679 2190 φίλοι,
1694 2149 1736 2178 ut
1749 2152 1819 2179 no-

568 2190 654 2237 stri,
673 2193 772 2231 halt!
789 2193 1032 2232 continetevos.
1046 2193 1092 2232 Et
1109 2206 1197 2232 cum
1197 2194 1382 2257 genitivo
1397 2193 1473 2232 Od
1490 2200 1537 2239 Δ,
1553 2206 1641 2246 422,
1655 2193 1817 2245 σχέσθαι

566 2245 662 2289 βιης·
677 2245 717 2284 &
734 2245 774 2284 11.
791 2250 843 2291 N,
858 2260 948 2296 747,
968 2247 1105 2299 μάχης
1128 2244 1352 2299 σχήσεσθαι
1380 2247 1452 2285 ὀίω.
1472 2247 1817 2297 Servemusitaque

565 2299 716 2337 erudito
731 2298 901 2351 scriptoii
923 2299 1025 2338 suam
1041 2301 1287 2352 elegantiam,
1308 2313 1328 2338 a
1344 2313 1420 2351 qua
1436 2312 1505 2338 nec
1524 2300 1666 2338 Herod.
1691 2312 1815 2351 neque

565 2349 788 2391 Plutarchus
804 2353 915 2392 alieni
929 2351 1022 2392 sunt
1037 2354 1196 2405 Alioqui
1212 2353 1319 2392 facile
1340 2352 1428 2413 effet
1449 2354 1593 2417 legere,
1614 2353 1815 2392 unicalite-

564 2405 644 2443 mla
668 2406 819 2457 paulum
843 2407 1038 2446 immutata
1050 2408 1207 2456 ,μανίης
1221 2406 1288 2455 μὲν
1309 2406 1402 2444 οὔκω
1421 2407 1556 2445 ἐκείνης
1578 2405 1734 2456 ἔσχετο,
1748 2421 1814 2445 non

562 2461 708 2511 amplius
715 2462 885 2499 fruebatur
895 2461 955 2499 illa
965 2460 1112 2512 infimt'a.
1125 2460 1196 2503 Sed
1208 2460 1343 2501 melius
1352 2459 1404 2500 est
1414 2459 1505 2500 nihil
1515 2458 1814 2511 tetigisse.GEsN.

1886 2994 1888 3002 ⁷
1890 2830 1897 2973 ——--—-v
