1907 3101
256 188 742 249 PHILOPATRIDIS
777 196 1206 246 DISSERTArto.
1279 194 1361 259 585

116 288 309 344 purpurae
334 304 377 339 13
401 303 444 332 ut
471 292 544 332 alia
576 299 800 343 argumenta
823 299 841 319 2
869 300 1083 333 taceamus,
1112 285 1252 377 {lilibus
1278 283 1370 322 illud

117 345 240 396 potest
261 347 411 386 confici,
432 346 475 384 In
496 346 572 384 fine
587 342 851 397 Philopatridis
868 352 996 381 autem
1016 353 1095 379 non
1131 340 1180 378 ibi
1200 349 1367 384 tantum,

118 397 180 437 sed
201 399 322 440 liberis
351 400 425 439 suis
448 399 494 438 ad
518 398 729 437 felicitatem
756 395 923 436 sufficere
950 395 1004 434 ait
1028 393 1169 433 Critias
1196 393 1272 431 dies
1294 392 1369 430 Im-

117 454 331 504 peratoris,
365 453 471 506 quod
507 453 618 490 nimis
643 451 844 490 ridiculum
872 448 926 488 est
955 449 991 487 in
1018 446 1105 487 sene
1138 447 1371 498 imperatore

120 505 266 551 dicere,
292 508 356 560 qui
379 507 446 546 fibi
472 505 670 544 Caesarem
700 505 772 542 iam
795 501 1026 543 affumserat.
1054 501 1151 540 Sunt
1179 511 1304 539 cetera
1330 500 1369 536 in

117 559 182 596 illa
207 571 312 611 parte
340 560 537 604 historiae,
563 569 746 611 quantum
771 558 816 595 ad
846 569 1036 594 annorum
1064 555 1258 600 rationes,
1289 553 1370 591 val-

119 613 166 651 de
189 613 363 665 impedita
378 645 390 660 ‚
413 613 451 651 &
473 613 578 651 varie
603 625 624 651 a
645 612 738 650 viris
759 610 910 650 luminis
931 608 1125 662 disputata.
1159 609 1267 647 Haec
1291 607 1371 644 duo

120 676 247 704 tamen
264 697 274 714 ,
296 680 396 719 quae
411 667 570 705 diximus
584 696 595 712 ,
617 667 654 704 in
673 677 856 717 quantum
874 664 918 702 acl
932 662 1095 701 nostram
1118 661 1270 700 causam
1292 673 1373 712 per-

120 719 242 758 tinent
259 750 269 764 ,
293 719 594 759 controversiam
612 748 622 766 ‚
650 719 755 771 quod
774 717 912 763 sciam,
935 729 1012 755 non
1037 716 1185 755 habent.
1212 715 1282 754 Sed
1304 727 1373 765 pu-

119 784 188 818 to,
211 772 329 823 ipsum
353 774 551 825 Moylium
567 804 579 819 ‚
604 784 647 811 ut
670 784 750 811 erat
769 773 829 811 vir
854 772 893 809 in
922 770 1065 808 summa
1090 768 1259 808 do&rina
1283 780 1374 806 can-

117 826 343 875 didiffimus‚
368 827 396 866 fi
415 828 566 865 viveret
586 839 629 865 ac
648 826 807 878 legeret,
829 837 926 876 quae
947 825 1018 862 iam
1037 835 1156 875 porro
1177 822 1371 866 dabimus,

117 878 186 918 sua
209 879 389 930 sententia
412 881 537 919 reneka
562 880 607 918 ad
630 880 792 918 nostram
815 877 1058 916 transiturum
1083 875 1167 915 effe.

173 934 356 973 XXVIII.
384 933 546 973 Occasio
575 933 673 972 illius
699 933 810 972 nobis
839 931 934 977 fuit,
970 931 1143 982 idemque
1171 940 1374 980 argumen-

118 996 200 1025 tum
216 1017 229 1032 ‚
258 999 300 1027 ut
322 988 410 1026 mihi
435 988 608 1033 videtur,
634 988 790 1025 minime
815 984 1005 1024 infirmum
1022 1015 1033 1030 ‚
1053 984 1181 1029 locus,
1204 983 1269 1022 ubi
1299 982 1374 1020 hoe

85 1037 91 1039 ’
119 1040 361 1093 colloquium
383 1041 534 1089 haberi,
550 1041 677 1088 scena,
699 1041 737 1078 in
754 1051 828 1092 qua
848 1039 941 1077 haec
959 1037 1065 1076 velut
1083 1037 1208 1076 fabula
1233 1036 1292 1088 agi
1308 1034 1377 1072 fin-

121 1094 234 1145 gitur.
257 1095 373 1134 Hunc
396 1095 551 1140 locum,
575 1095 672 1132 hanc
696 1093 845 1133 scenam
863 1091 1243 1143 Constantinopolin,
1262 1089 1375 1127 (plhri-

118 1148 328 1187 stianorum
350 1149 478 1203 μέγαν
492 1146 585 1186 οἶκον
608 1148 789 1192 ἀνάκτων,
811 1159 854 1184 ut
871 1146 933 1184 ille
954 1146 1003 1184 ait
1028 1155 1042 1187 3
1062 1176 1072 1190 ‚
1098 1143 1204 1183 fuisse
1224 1144 1273 1181 ita
1296 1142 1376 1180 col·

120 1200 213 1252 ligo.
234 1201 310 1241 Sub
330 1203 477 1241 initium
500 1201 656 1252 dialogi,
673 1214 704 1240 c.
721 1215 759 1248 4,
778 1201 869 1239 haec
884 1199 1129 1251 Triepbontis
1142 1198 1258 1236 verba
1280 1195 1376 1233 rela-

119 1266 159 1292 ta
179 1253 284 1300 sunt,
299 1256 411 1300 βαβαὶ
426 1254 491 1294 τοῦ
508 1253 811 1303 ἀναφυσήματα,
833 1249 878 1291 ὡς
892 1255 963 1291 τὰς
981 1254 1137 1302 νεφέλας
1152 1249 1373 1300 stem-peda

120 1307 273 1358 ζεφύρου
286 1311 364 1362 ’γὰρ
377 1309 610 1348 ἐπιπνέοντος
624 1305 774 1359 λάβρον,
789 1305 939 1346 καὶτοῖς
954 1306 1114 1355 κύμασιν
1128 1305 1378 1354 ἐπωθίζοντος,

120 1362 240 1413 βορέην
260 1359 342 1415 ἄρτι
368 1363 441 1400 lava
465 1365 528 1400 τον
551 1360 786 1412 Προποντίὲα
812 1360 1019 1404 κεκίνηκας,
1045 1356 1091 1398 οἷς
1112 1359 1181 1398 <m
1198 1360 1317 1396 κάλων
1335 1356 1377 1394 αἱ

121 1412 284 1454 {mdeste
305 1418 366 1455 τὸν
390 1415 552 1466 Εὔξεινον
576 1414 710 1454 πόντον
730 1411 975 1466 οἰχήσονται,
998 1412 1067 1452 τῶν
1092 1412 1268 1461 κυμάτων
1290 1410 1377 1448 ἑπι-

123 1467 386 1507 κυλινὲοὑντων
405 1469 447 1507 ἐκ
471 1467 538 1507 τοῦ
557 1465 792 1518 φυσήματος.
822 1467 1003 1519 Aguntur
1020 1467 1151 1518 itaque
1174 1464 1322 1503 haemin
1338 1463 1379 1501 li-

123 1531 210 1560 tore
222 1522 495 1573 Propontidos:
515 1523 581 1574 qui
603 1521 829 1572 loquuntur,
848 1534 869 1559 a
893 1519 1018 1558 fronte
1040 1520 1136 1558 hanc
1152 1519 1264 1570 ipsam
1283 1517 1377 1555 Pro-

122 1575 319 1627 pontidem
350 1576 389 1614 δι
414 1575 577 1614 austrum
596 1605 607 1620 ,
645 1587 666 1612 a
700 1585 810 1625 tergo
840 1574 1031 1612 Euxinum
1066 1572 1230 1610 Pontum
1257 1570 1297 1609 8<
1319 1570 1377 1609 se—

122 1629 369 1681 ptemtriones
386 1629 538 1668 habent.
555 1627 591 1665 Si
610 1628 707 1666 enim
724 1627 872 1679 spiritus
886 1627 1148 1666 vehementior
1167 1638 1235 1663 ore
1252 1638 1377 1663 erum-

123 1695 218 1733 pens
249 1683 405 1721 boream
436 1683 474 1720 in
504 1681 739 1733 Propontide
761 1681 868 1720 debet
894 1681 1085 1727 excitare,
1114 1690 1156 1718 ut
1182 1680 1272 1717 haec
1295 1691 1374 1716 non

126 1736 178 1774 ita
198 1735 233 1774 se
253 1736 414 1775 habeant
428 1766 439 1781 ‚
459 1735 539 1774 fieri
561 1748 638 1773 non
655 1734 788 1787 potest.
816 1734 934 1786 Igitur
951 1735 999 1772 ad
1018 1732 1236 1786 Bosporum
1250 1733 1377 1770 Thra-

123 1790 248 1828 cicum
270 1802 329 1829 res
355 1788 456 1842 gesta
482 1789 561 1834 est,
590 1788 653 1827 seu
678 1787 864 1841 angustias
889 1789 995 1833 illas,
1023 1800 1121 1839 quae
1143 1785 1376 1837 Propontida

124 1843 173 1882 ab
201 1843 356 1882 Euxino
380 1843 505 1882 Ponto
534 1842 733 1889 dirimunt,
761 1842 882 1880 verbo
907 1840 1252 1892 Constantinopoli.
1285 1839 1376 1878 Non

124 1896 388 1947 improbabilis
409 1907 537 1935 autem
568 1895 786 1934 coniefiura
817 1894 891 1941 est,
922 1895 1024 1934 hunc
1053 1894 1244 1945 dialogum
1271 1893 1306 1930 in
1330 1905 1375 1931 ea

125 1948 306 2002 scriptum
332 1950 427 1989 urbe
451 1949 549 1996 effe,
576 1961 676 2000 quae
698 1962 780 1988 tum
809 1960 925 2001 caput
946 1961 1071 1987 rerum
1100 1948 1138 1986 δι
1165 1945 1266 1985 sedes
1287 1944 1376 1985 effet

126 2003 284 2054 imperii.
300 2003 526 2055 Imperatori
541 2003 642 2041 enim
658 2002 859 2041 vicioriam
879 2002 1090 2054 gratulatur
1109 1999 1253 2045 ametor,
1269 2000 1376 2051 quod

128 2057 291 2102 maiori,
314 2057 451 2102 credo,
483 2056 700 2096 celebritate
725 2057 763 2094 in
793 2056 912 2100 urbe,
935 2068 1049 2107 quam
1073 2055 1111 2092 in
1140 2053 1374 2106 provinciis,

128 2109 225 2148 solet
239 2109 332 2151 fieri.
361 2110 468 2162 Quid
485 2141 495 2157 ‚
515 2111 619 2162 quod
638 2109 744 2149 urbis
763 2110 853 2148 κατ’
879 2108 1017 2160 ἐξοχὴν
1040 2107 1158 2146 (liciae
1177 2106 1380 2158 aliquoties

128 2164 322 2212 meminit,
347 2175 476 2208 aurata
489 2164 577 2202 item
594 2163 693 2202 reeta
713 2173 1012 2210 commemorat,
1026 2161 1156 2214 qualia
1177 2171 1263 2199 ante
1277 2159 1380 2199 Con-

174 2274 187 2294 1
212 2262 349 2299 Lafflant.
363 2263 402 2297 de
412 2263 517 2297 Mort.
528 2263 616 2295 Pers.
630 2275 658 2294 c.
674 2265 722 2303 18,
783 2262 886 2295 lianus
902 2261 1138 2305 adipiscebatur
1151 2262 1319 2305 imperium
1331 2288 1338 2301 ‚
1357 2264 1381 2296 i.

126 2307 183 2349 qui
196 2307 293 2339 etiam
309 2306 524 2349 paffimsenem
538 2307 724 2350 &seniorem
783 2319 800 2339 e
834 2308 872 2339 A.
899 2317 1021 2338 cetxx
1033 2332 1040 2345 ,
1072 2307 1105 2338 se
1121 2306 1191 2349 post
1212 2309 1333 2339 multos
1359 2320 1376 2340 a

128 2352 214 2386 circa
235 2351 314 2383 haec
337 2361 485 2394 tempora
504 2353 658 2394 app'ellat.
782 2351 815 2383 se
835 2362 930 2393 apros
945 2351 1132 2383 interfeftos
1144 2352 1283 2382 nondum
1299 2363 1378 2382 con-

174 2407 192 2426 2
217 2397 260 2427 V.
278 2395 321 2428 G.
341 2396 428 2437 quod
446 2398 529 2437 apud
549 2395 721 2437 a'opit'cum
782 2395 929 2427 secutum
943 2395 1006 2428 csse
1016 2394 1202 2437 promissum
1216 2395 1271 2425 fibi
1283 2396 1378 2428 Drui.

127 2439 315 2477 Numeriam-
339 2451 427 2479 c.14,
447 2441 582 2475 miratur
596 2441 726 2473 Diocle-
782 2440 840 2472 dae
853 2439 1007 2470 vaticinio
1021 2439 1189 2481 imperium
1204 2438 1268 2470 δίε.

126 2483 320 2527 ςἰειηυε,ἰειηι
331 2495 369 2516 eo
382 2493 537 2527 tempore,
548 2496 612 2527 qun
624 2485 724 2518 ΑιιιηεΕ
828 2495 844 2527 3
871 2484 1006 2526 Dionys.
1019 2483 1132 2527 Perieg.
1152 2495 1186 2517 v.
1201 2493 1278 2540 355.
