1907 3101
390 140 474 184 IN
524 139 627 186 DE
676 139 918 185 SYRIA
969 138 1141 185 ΒΕΑ.
1303 156 1386 205 391

131 224 296 278 Reliquae
316 238 427 266 teretes
441 241 542 281 atque
556 243 710 281 procerae
734 230 840 277 densis
858 227 1073 281 gradatisque
1088 226 1246 266 corticum
1258 229 1396 280 pollici-

131 281 195 317 bus
207 280 424 327 auflioribus,
433 281 558 332 faciles
565 282 605 333 fi
615 285 663 320 ad
669 281 899 332 scandendum
916 282 1066 318 Orientis
1074 282 1210 333 populis
1221 284 1394 333 praebent,

129 334 245 372 utilem
253 335 320 386 fibi
333 335 520 388 arborisq11e
535 336 685 374 induviis
700 335 859 373 circulum
881 335 964 373 mim
975 335 1171 384 pcmicimee
1190 347 1259 373 tum
1277 336 1393 374 homi-

129 400 171 423 ne
177 386 355 436 subeunte.
367 388 528 428 Pollices
541 388 728 428 auGtiores
746 400 861 428 vocat
875 387 1013 426 Plinius
1026 400 1309 439 amputatorum
1328 389 1391 429 vel

126 439 379 480 decidentium
396 455 593 481 ramorum
607 442 788 494 reliquias
799 442 1008 480 eminentes
1022 441 1060 480 δι
1074 455 1120 480 ex
1137 443 1284 480 cortice
1301 456 1393 493 pro-

126 494 361 542 tuberantes,
379 508 420 534 ut
441 496 568 547 pollex
591 495 760 536 exsertus
780 508 828 534 ex
851 494 1040 534 manusld
1062 495 1208 534 Gallice
1229 496 1392 536 dicimus

128 548 266 587 clzicots.
290 549 392 589 Hinc
406 549 514 588 Plinii
536 551 667 590 locum
687 549 772 589 sane
786 547 1016 587 salebrosum
1037 548 1076 586 δι
1098 549 1316 587 mendosum
1342 551 1393 590 ita

127 600 268 641 debere
279 603 354 654 legi
367 604 560 642 contendit
576 603 777 643 Salmasius
786 633 799 650 ,
810 603 991 653 utilemfiln'
1005 603 1160 655 aborique
1173 603 1312 641 intluHc's
1326 605 1393 641 cir-

129 656 255 694 culum.
269 655 387 708 Quae
404 657 516 696 leffio
540 658 630 696 mihi
651 657 801 696 videtur
824 656 961 708 aliquid
983 656 1122 695 habere
1139 654 1394 696 absurditatis:

127 712 208 761 qua
222 711 322 748 enim
337 711 494 750 utilitate
508 711 605 751 affici
628 710 749 762 potest
767 710 881 749 arbor
900 710 963 748 tali
984 710 1151 749 circulo?
1176 710 1258 760 Ego
1276 710 1394 761 igitur

126 764 273 815 pridem
290 765 329 802 in
344 767 511 817 margine
525 765 638 805 nostri
653 765 756 803 Plinii
769 764 924 803 Codicis
942 764 1232 802 emendaverant
1245 794 1254 811 ,
1267 765 1394 801 vitilem

119 817 188 868 fibi
200 819 372 870 arborique
387 820 513 857 indutis
527 819 707 865 circulum,
724 819 764 857 &
780 818 829 856 ita
843 816 1059 857 censueram
1075 817 1147 869 legi
1161 817 1297 856 debere
1314 818 1389 856 do-

128 869 216 909 &us
230 884 250 910 a
265 874 435 923 quodam
451 873 574 912 nobili
587 872 781 911 navarcho
794 872 840 910 de
857 872 987 916 modo,
1001 883 1082 922 quo
1096 871 1244 909 incolae
1259 871 1395 909 Palmi-

129 922 232 963 ferae
246 926 413 978 regionis
435 928 472 964 in
486 926 617 966 Africa
631 926 804 965 celeriter
829 937 917 964 cum
943 923 1013 963 suo
1039 925 1187 963 circulo
1212 924 1395 963 scandunt

128 977 294 1018 excelsas
307 979 518 1031 palmarum
532 981 708 1020 arbores:
726 980 859 1019 scilicet
873 979 1034 1017 induunt
1049 977 1084 1016 se
1098 991 1173 1017 una
1185 991 1273 1016 cum
1286 979 1398 1017 arbo-

128 1032 259 1085 reipsa
270 1033 418 1072 circulo
430 1047 451 1074 e
468 1035 561 1073 vitili
575 1034 682 1086 ligno
696 1033 818 1081 faeto,
835 1033 873 1071 δι
896 1032 1051 1084 pedibus
1066 1033 1105 1070 in
1119 1033 1265 1070 arboris
1279 1033 1396 1084 polli-

130 1086 241 1125 cibus
259 1087 331 1126 illis
356 1088 536 1135 nitentes,
553 1089 592 1127 ὅ(
612 1089 751 1127 lumbis
771 1086 918 1125 circulo
940 1087 1081 1131 innixi,
1100 1086 1273 1124 manibus
1297 1098 1396 1125 vero

130 1140 318 1180 ambabus
330 1141 514 1181 circulum
531 1143 711 1194 gradatim
732 1141 774 1180 &
790 1139 980 1179 subsultim
1000 1139 1232 1184 attollentes,
1249 1140 1400 1178 celerri-

132 1207 195 1233 me
209 1193 326 1247 usque
340 1195 385 1234 ad
397 1197 542 1235 arboris
555 1195 758 1241 summum,
779 1195 842 1234 ubi
859 1193 944 1232 sunt
958 1193 1103 1231 rami&
1119 1192 1275 1239 fruetus,
1291 1193 1398 1231 scan-

131 1248 248 1296 dunt3
261 1249 297 1286 id
312 1247 419 1300 saepe
432 1249 627 1297 facientes,
642 1262 684 1288 ut
697 1250 849 1300 lagenas
864 1246 948 1286 suas
963 1247 1078 1286 ramis
1096 1245 1240 1285 succisis
1258 1259 1397 1297 appen-

131 1302 264 1347 deam,
287 1303 349 1341 vel
363 1315 426 1342 eas
443 1304 571 1354 plenas
585 1304 679 1342 vino
694 1304 845 1355 palmeo
869 1312 1079 1354 reportent.
1103 1300 1227 1351 Quod
1248 1310 1289 1338 ut
1311 1299 1399 1338 faci-

129 1355 203 1397 lius
219 1356 427 1410 intelligas,
444 1356 609 1411 figuram
627 1358 686 1398 hic
708 1356 866 1410 apposui
886 1355 1052 1394 hominis
1074 1355 1128 1393 ita
1144 1366 1233 1394 cum
1250 1353 1399 1394 circulo
