1907 3101
329 254 413 302 IN
460 253 1081 305 PH1LopithR1N.
1254 269 1346 325 529

77 343 218 384 clarior
240 356 359 396 opera
393 358 478 385 mea
514 345 625 399 poffit
650 345 733 384 fieri
750 374 761 393 ,
789 346 939 385 veniam
973 346 1187 399 praefatus,
1212 346 1239 386 fi
1263 363 1344 391 non

77 399 222 450 ubique
257 411 336 437 rem
371 412 444 439 acu
471 399 626 452 tetigiffe
657 399 756 438 visus
783 399 907 439 fuero.
940 402 1104 441 Videtur
1129 403 1246 454 igztur
1265 405 1347 445 hoc

79 452 180 490 velle
194 452 354 491 Critias:
375 465 638 493 convenerant
654 452 856 492 Christiani
873 454 1041 506 aliquot,
1068 457 1250 495 Monachi
1271 457 1350 498 for-

78 514 117 543 te
142 506 181 544 δε
203 505 388 553 Ascetae,
414 508 459 547 de
479 509 620 546 iniuriis
647 506 781 546 Iuliani
803 507 1012 559 Apostatae
1036 510 1071 547 in
1089 509 1346 552 Christianum

77 571 247 605 nomen,
264 559 437 600 Clericos
462 562 655 613 inprimis,
678 572 974 612 conquerentes,
998 564 1038 601 δι
1061 562 1122 613 spe
1141 565 1345 604 meliorum

78 623 297 664 temporum
312 613 517 666 praesentia
537 616 634 654 mala
654 615 826 655 levantes
842 642 853 663 ,
868 614 934 653 seu
957 616 1154 656 meliorem
1179 618 1346 668 Iuliano,

79 667 142 705 cui
158 668 350 706 interitum
366 670 587 717 vovebant,
614 668 861 708 successorem
889 668 1180 719 spoponderint,
1207 672 1343 713 &iam

80 721 212 759 animo
234 721 450 760 destinarint
465 753 475 768 ,
499 723 608 762 cuius
635 736 703 762 eos
725 721 916 762 insimulat
944 723 1105 772 Critias;
1127 724 1187 765 seu
1204 757 1214 773 ,
1237 729 1344 778 quod

80 774 317 827 probabilius
334 776 499 822 videtur,
518 775 656 816 Christi
682 777 883 816 servatoris
897 790 1009 828 opem
1024 808 1035 823 ,
1060 791 1177 831 quam
1205 781 1345 827 verbis,

81 828 129 866 ad
149 841 254 874 rem,
281 829 326 868 de
350 843 426 881 qua
446 830 646 882 conquesti
670 829 844 876 fuerant,
868 833 1190 879 accommodatis,
1218 836 1345 886 expri-

82 892 214 928 munt,
237 894 339 921 certa
366 883 428 934 spe
459 885 731 935 praeceperint.
761 885 914 923 Horum
931 916 942 933 ‚
971 886 1032 924 vel
1056 888 1170 926 unius
1194 900 1241 926 ex
1264 889 1347 935 his,

80 935 200 976 verba
219 937 402 988 quaedam
429 950 451 975 a
476 936 512 977 se
530 969 541 986 ‚
565 951 605 977 ut
629 937 772 986 solent,
799 939 861 989 qui
886 939 1044 978 alterum
1063 942 1273 992 exagitant,
1288 943 1346 981 in·

80 989 269 1041 1‹:rpolata
294 991 331 1030 δι
350 991 583 1031 calumniose
607 993 754 1031 detorta
778 991 923 1041 profert
951 993 1025 1032 iam
1051 993 1213 1042 Critias,
1242 1009 1344 1048 quae

83 1045 302 1084 accuratius
329 1055 441 1084 erunt
467 1045 750 1084 confideranda.
776 1045 903 1086 GESN.
1337 1096 1339 1098 ι

136 1099 218 1137 ibid.
241 1099 473 1141 Καταλείπει
498 1099 776 1152 ἑλωπεισμοὺς)
796 1100 938 1139 Forsan
959 1102 1189 1155 καταλέγει.
1215 1102 1262 1142 Et
1286 1105 1347 1144 ἐλ-

82 1152 324 1201 λαπεισμοὺς
346 1153 392 1191 ab
413 1153 624 1198 ἑλλειπὰω,
650 1155 756 1206 quod
775 1154 828 1194 est
851 1156 896 1193 ab
921 1153 1094 1194 emam.
1123 1157 1292 1197 GUYET.
1307 1161 1350 1198 Α.

81 1205 295 1258 posteriore
316 1208 510 1246 vocabulo
538 1208 689 1247 videtur
716 1210 880 1259 pendere
908 1207 1033 1247 sensus
1062 1211 1170 1249 verbi
1192 1212 1343 1264 prioris.

83 1260 135 1298 H.
149 1259 383 1312 Stephanus:
409 1260 642 1312 ἐλειπασμὺς
659 1262 783 1300 dicitur
800 1263 864 1314 legi
885 1263 1013 1300 alicubi
1031 1266 1127 1315 apud
1137 1265 1342 1316 Lucianum,

75 1313 142 1365 sed
158 1328 328 1367 perperam
342 1344 353 1362 ‚
374 1315 507 1367 ideoque
531 1316 689 1367 Lascaris
708 1331 771 1368 pro
792 1333 828 1356 eo
847 1318 1062 1366 reponendum
1078 1318 1204 1368 censuit
1223 1320 1346 1360 ἐλλει-

84 1371 255 1417 wambe,
273 1368 440 1421 reliquiae.
456 1369 535 1408 Alii
549 1370 806 1419 ἐλλιπεισμῠς,
821 1372 1007 1423 saginatio,
1026 1387 1048 1409 a
1069 1374 1242 1412 λιταίνω.
1261 1375 1343 1426 Ego

84 1422 326 1473 putaverim,
350 1422 505 1462 similem
530 1424 609 1463 vim
638 1424 776 1463 habere
801 1425 900 1474 apud
922 1423 1105 1463 Nostrum
1131 1425 1346 1467 ἑλλειποισ-

79 1475 190 1525 μοὺς,
206 1477 264 1523 ei,
282 1489 397 1528 quam
420 1476 533 1516 habet
545 1478 753 1530 coniugata
767 1491 846 1517 vox
862 1479 1129 1527 ἐλλείμματα,
1141 1493 1216 1532 qua
1232 1493 1348 1520 utun.

83 1539 146 1571 tur
174 1528 314 1570 Graeci
335 1529 560 1583 scriptores,
582 1545 669 1572 cum
690 1532 811 1571 dicere
838 1532 974 1571 volunt
998 1533 1035 1571 id
1050 1560 1061 1576 ,
1088 1534 1191 1585 quod
1212 1535 1347 1576 Latine

84 1582 170 1622 sunt
187 1585 335 1637 reliqua,
362 1586 563 1636 quomodo
586 1585 821 1637 appellantur
837 1599 904 1631 ea,
931 1599 1031 1638 quae
1051 1584 1144 1626 fisco
1166 1600 1214 1626 ex
1238 1602 1348 1642 prae-

85 1638 200 1678 terito
215 1639 412 1684 debentur,
430 1649 473 1678 ut
489 1638 567 1679 fuse
580 1640 710 1679 docuit
726 1639 801 1679 Iac.
820 1638 1084 1680 Gothofredus
1099 1642 1142 1680 ad
1158 1641 1195 1680 L,
1215 1642 1230 1680 Ι
1246 1643 1348 1684 Cod.

86 1692 237 1732 Theod.
252 1695 290 1731 de
302 1693 519 1743 indulgentiis
532 1695 724 1733 debitorum.
741 1694 838 1732 Add.
850 1693 987 1746 Spanh.
1004 1694 1050 1733 (le
1061 1693 1142 1733 Usu
1154 1696 1192 1734 &
1209 1694 1346 1736 praest.

84 1745 202 1786 Num.
222 1746 297 1785 diff.
319 1746 477 1798 X111‚p.
497 1761 568 1799 552
589 1747 663 1800 seq.
685 1748 851 1786 ubiinter
867 1748 939 1786 alia
954 1747 1155 1796 observat,
1175 1751 1280 1800 quod
1297 1752 1344 1790 ad

86 1813 165 1840 rem
184 1800 349 1841 nostram
368 1799 453 1840 facit
466 1830 475 1847 ‚
495 1801 741 1851 ἑλλείμμωτω
756 1801 828 1841 esse
840 1801 1100 1842 Constantinei
1116 1804 1217 1850 aevi,
1230 1803 1347 1842 Iulia-

86 1855 138 1900 ni,
152 1853 350 1894 Themistii
366 1855 440 1894 διε.
455 1855 622 1907 reliquos
634 1858 754 1894 λοιπὰ
764 1855 1020 1895 ἄλαισι-αἰθᾶς
1034 1856 1171 1895 dicere.
1186 1855 1288 1897 Dico
1306 1858 1348 1897 si-

87 1909 241 1956 milem3
259 1921 336 1948 non
354 1909 464 1961 plane
477 1910 553 1947 vim
573 1911 744 1949 eandem.
757 1909 1052 1959 Ἔλλειπασμὸς,
1069 1920 1178 1960 puto,
1191 1911 1242 1950 est
1257 1924 1349 1951 con-

89 1964 264 2002 niventia
279 1963 380 2002 circa
397 1963 664 2014 ἐλλείμματα,
682 1976 769 2003 cum
790 1966 933 2015 patitur
948 1964 1214 2015 peraequator,
1233 1965 1350 2018 quos-

88 2018 176 2056 dam
202 2017 294 2056 nihil
323 2017 437 2062 dare,
464 2018 504 2056 δι
532 2018 806 2057 immunitatem
835 2017 905 2057 illis
933 2017 1123 2070 indulget,
1146 2018 1186 2057 in
1210 2019 1349 2060 descri-

89 2071 216 2111 bendo
230 2070 267 2109 &
283 2071 550 2123 peraequando
565 2072 690 2112 censu.
710 2072 817 2111 Haec
833 2072 878 2110 de
895 2072 1185 2124 peraequatoris
1200 2073 1349 2112 senten-

89 2127 229 2171 tentia,
249 2124 290 2163 &
312 2123 374 2176 spe
395 2137 532 2164 eorum
549 2156 559 2173 ‚
584 2127 722 2177 quibus
751 2125 810 2164 ille
833 2125 1028 2177 indulget,
1051 2126 1161 2176 plane
1180 2139 1261 2166 non
1287 2129 1349 2167 de-

89 2179 229 2219 bentur
251 2179 288 2217 in
310 2178 515 2231 posterum.
541 2180 645 2227 Alii,
670 2179 811 2233 quibus
832 2180 1004 2229 iniquum
1030 2180 1066 2218 id
1094 2181 1256 2224 videtur,
1277 2195 1349 2221 vo-

89 2246 179 2274 cant
199 2233 442 2286 reliquationes‚
465 2233 732 2284 ἐλλείμματα,
757 2233 795 2273 δέ
815 2232 1104 2285 peraequatoris
1121 2234 1261 2273 fastum
1284 2234 1348 2274 ἕλω

91 2285 319 2336 ›temeto-pabit.
344 2286 506 2327 Constat
524 2290 751 2340 ceteroquin
764 2314 775 2336 ,
791 2300 901 2338 parce
920 2286 1006 2328 satis
1018 2287 1211 2326 Iulianum
1227 2290 1351 2328 indub-

91 2341 173 2381 fiss'e
192 2342 360 2394 reliqua,
377 2341 484 2393 quod
500 2341 567 2394 Ep.
584 2356 637 2392 47
652 2342 697 2381 de
710 2341 746 2381 se
768 2340 935 2380 testatur.
959 2342 1006 2380 Et
1026 2342 1214 2379 Ammian.
1227 2343 1350 2384 Marc.

92 2395 217 2439 XVI,
241 2409 257 2446 5
276 2407 285 2434 :
318 2396 474 2448 Denique
491 2395 529 2433 id
546 2411 618 2435 eum
639 2399 687 2435 ad
711 2397 815 2448 afilae
838 2396 966 2448 imperii
985 2396 1091 2446 finem
1116 2396 1151 2433 ὃ»
1176 2396 1265 2434 vitae
1280 2396 1349 2447 fii⁴

92 2465 168 2489 mus
189 2447 314 2488 utiliter
330 2449 533 2501 obserwzffi,
557 2466 596 2488 ne
615 2465 670 2502 pet
691 2450 936 2502 indulgentias,
957 2465 1042 2501 quas
1066 2449 1260 2501 appellant,
1284 2451 1348 2488 tri—

91 2503 245 2542 butariae
265 2503 311 2541 rei
326 2505 510 2542 concederet
532 2514 747 2550 RELIQUA.
773 2504 890 2543 Norat
908 2505 1012 2547 enim,
1037 2505 1099 2542 lzoc
1117 2502 1211 2552 fizfflo
1224 2502 1263 2553 se
1280 2505 1348 2542 ali-

91 2558 174 2609 quid
196 2557 412 2609 locupletibus
431 2559 622 2598 additurum
648 2558 722 2600 διε.
746 2556 921 2611 Inprimis
947 2569 1076 2597 autem
1098 2556 1253 2597 Clericis
1276 2557 1349 2597 dtu-2

171 2611 314 2652 Lucian.
348 2612 426 2652 Vol.
455 2611 530 2652 IX.
1054 2608 1112 2650 Ll
