1907 3101
552 156 641 221 576
768 154 854 202 DE
887 154 1145 206 AETATE
1179 161 1263 208 ET
1297 161 1605 212 AUCTORE

544 245 851 287 Christianorum
874 247 969 301 lege.
991 249 1064 289 Sed
1089 248 1190 292 forte
1213 252 1528 305 idolothytorum
1552 257 1638 298 esus
1654 287 1663 305 ‚
1687 258 1727 298 δι
1747 255 1822 299 suf.

544 300 663 339 focati
688 313 732 340 ac
759 300 954 354 sanguinis
973 304 1021 341 ab
1044 304 1244 356 Apostolis
1270 308 1386 348 etiam
1410 311 1650 363 prohibitus,
1672 314 1833 354 obverm

544 354 574 392 ti
594 355 685 394 huic
714 356 1002 408 reprehensioni
1028 358 1152 409 poffit.

598 409 687 448 XX.
705 409 820 449 Iuvat
831 410 891 450 hic
905 411 943 449 in
963 410 1123 452 brevem
1144 412 1331 454 summam
1347 416 1527 469 colligere
1546 419 1698 466 omnia,
1714 431 1817 474 quae

542 461 590 501 de
602 461 822 503 Christianis
843 465 957 504 tradit
975 466 1171 507 Lucianus
1184 495 1194 512 ‚
1221 467 1428 520 (tradidisse
1447 483 1598 520 autem,
1618 487 1718 526 quae
1747 474 1817 514 sci-

542 527 601 554 ret
627 518 783 566 omnia,
811 519 1014 571 probabile
1044 519 1174 559 saltem
1198 520 1309 575 supra
1335 525 1490 565 reddere
1513 539 1676 567 conatus
1700 527 1813 574 sum)

542 580 627 608 tum
655 570 824 611 similiter
847 572 953 624 quafi
977 573 1016 612 in
1047 574 1215 614 tabulam
1235 578 1428 628 quandam
1448 580 1626 620 coniecta
1645 594 1735 621 cum
1757 583 1816 621 his

543 635 792 674 comparare,
808 639 908 678 quae
924 627 962 665 in
987 627 1240 680 Pliilopatride
1259 630 1307 669 de
1322 631 1451 671 iisdem
1467 633 1661 674 dicuntur.
1677 636 1816 675 Lucia-

544 690 619 717 nus
639 679 690 717 ita
705 679 943 719 Christianos
959 680 1133 721 describit
1154 682 1178 722 1.
1192 695 1223 722 c.
1245 682 1341 723 Sunt
1356 686 1554 735 homines,
1573 689 1642 741 qui
1660 688 1814 741 suspen-

540 731 624 770 sum
651 734 689 771 in
718 732 924 773 Palaestina
952 734 1172 784 hominem,
1196 749 1391 778 novorum
1427 741 1627 781 austorem
1661 742 1814 794 myste-

542 786 714 835 riorum,
740 786 871 840 spretis
897 789 1079 828 omnibus
1103 790 1346 831 Graecorum
1371 792 1477 842 Diis,
1499 796 1636 835 colunt
1658 796 1699 836 δι
1719 797 1813 837 ade·

540 852 652 889 rant,
673 842 1000 881 immortalitatem
1023 842 1266 896 exspestant,
1297 856 1413 899 atque
1438 860 1641 901 propterea
1667 863 1812 903 corpo·

543 895 595 933 ris
617 896 834 942 cruciatus,
861 895 1058 950 ipsamque
1081 898 1178 937 adeo
1207 911 1371 939 mortem
1387 930 1398 947 ,
1434 901 1562 942 subire
1589 916 1669 943 non
1699 917 1811 944 recu·

540 946 644 997 sant,
667 960 711 989 ut
731 951 861 1002 potius
881 950 987 989 ultro
1010 963 1094 990 eam
1119 951 1336 1005 deposcant.
1368 953 1565 995 Praeterea
1586 970 1659 1010 pro
1684 955 1812 997 fratri-

541 1002 614 1042 bus
637 1004 802 1043 invicem
816 1034 826 1049 ‚
852 1003 902 1043 sic
922 1004 1076 1044 iubente
1096 1006 1222 1058 primo
1242 1007 1395 1047 illorum
1418 1009 1659 1061 legislatore,
1681 1010 1718 1050 se
1744 1012 1811 1050 ha.

542 1057 664 1104 henr,
693 1058 795 1097 bona
823 1057 1005 1097 fortunae
1034 1060 1166 1098 omnia
1192 1071 1374 1114 tanquam
1398 1063 1490 1102 vilia
1517 1063 1558 1103 &
1585 1078 1687 1104 vana
1715 1078 1812 1106 con·

542 1121 746 1158 temnunt,
768 1112 1011 1164 benigneque
1034 1113 1078 1152 iis
1100 1113 1346 1165 impertiunt,
1372 1129 1472 1168 quos
1500 1129 1659 1171 propter
1677 1118 1812 1172 super-

541 1164 732 1204 stitionem
758 1165 862 1205 suam
882 1166 1014 1206 vident
1040 1179 1106 1206 aut
1127 1168 1237 1207 bonis
1258 1171 1506 1218 exturbatos,
1524 1184 1593 1211 aut
1617 1172 1706 1212 alias
1730 1186 1810 1212 ma-

544 1220 578 1258 le
607 1233 627 1258 a
646 1220 928 1272 magistratibus
952 1232 1143 1273 acceptos.
1167 1222 1305 1262 Sacros
1323 1223 1442 1264 libros
1464 1225 1628 1273 habent,
1650 1239 1749 1279 quos
1769 1228 1809 1266 in

541 1275 826 1313 conventiculis
859 1274 931 1313 suis
963 1275 1120 1327 legunt:
1155 1275 1182 1314 fi
1216 1277 1280 1327 qui
1316 1288 1443 1317 autem
1473 1278 1560 1318 sunt
1592 1279 1810 1328 doffiores,

542 1329 656 1366 etiam
689 1328 997 1382 interpretantur.
1027 1328 1063 1368 Si
1089 1342 1204 1381 quem
1232 1331 1382 1370 videant
1411 1333 1513 1385 leges
1536 1332 1619 1373 suas
1640 1335 1810 1385 migran-

543 1393 619 1421 tem
638 1413 649 1427 ,
678 1395 766 1421 eum
787 1396 808 1422 a
833 1383 1109 1422 communione
1136 1384 1175 1422 δι
1197 1385 1371 1424 coetibus
1389 1398 1519 1426 arcent
1541 1398 1658 1440 atque
1678 1388 1811 1427 exclu-

541 1436 648 1475 dunt.
671 1437 777 1476 Haec
801 1437 1003 1475 Lucianus.
1029 1437 1247 1477 Audiamus
1269 1439 1468 1479 au&orem
1489 1440 1753 1494 Pliilopatridis
1777 1453 1811 1482 1.

543 1489 751 1529 Christiani
771 1490 932 1530 credunt
952 1491 990 1529 in
1019 1489 1148 1529 Deum
1170 1504 1290 1531 unum
1305 1523 1315 1540 ,
1337 1494 1404 1546 qui
1426 1494 1580 1534 coelum
1603 1496 1642 1535 δε
1668 1506 1811 1536 terram

544 1545 693 1582 creavit
715 1544 755 1583 δι
779 1544 935 1590 omnia,
955 1558 1121 1597 eumque
1143 1544 1289 1586 Patrem
1307 1560 1510 1600 magnum,
1531 1549 1810 1598 immortalem,

542 1598 770 1645 coelestem,
790 1598 925 1637 Filium
954 1600 1093 1651 patris,
1119 1598 1299 1651 Spiritum
1321 1614 1369 1640 ex
1390 1601 1498 1641 Patre
1518 1603 1811 1654 procedentem,

544 1664 667 1691 unum
692 1665 740 1691 ex
767 1652 890 1691 tribus
915 1652 953 1691 ὅ(
978 1666 1026 1692 ex
1050 1665 1133 1692 uno
1157 1664 1244 1693 tres.
1265 1655 1337 1693 Hic
1352 1655 1485 1704 Deus,
1505 1657 1571 1709 qui
1589 1656 1644 1696 est
1668 1657 1733 1696 lux
1756 1659 1815 1696 in·

544 1705 831 1758 corruptibilis,
854 1706 1075 1752 invisibilis,
1101 1708 1516 1761 incomprehensibilis,
1539 1712 1707 1757 creavit,
1733 1710 1808 1764 (ut

544 1760 753 1800 didicerunt
780 1772 801 1798 a
828 1759 938 1799 Mose
961 1760 1203 1814 tardilingui)
1224 1775 1310 1801 cum
1342 1763 1418 1801 alta
1444 1776 1523 1803 nox
1544 1763 1683 1815 abyffo
1705 1765 1813 1805 incu-

544 1814 653 1853 baret
668 1844 680 1860 ‚
701 1814 830 1853 lucem
845 1845 857 1861 ,
881 1827 982 1866 quae
1007 1815 1181 1854 tenebras
1207 1817 1248 1856 δι
1276 1816 1486 1856 vastitatem
1516 1818 1618 1857 illam
1651 1831 1811 1858 omnem

543 1868 696 1921 abegit:
723 1879 804 1907 tum
828 1879 966 1907 terram
994 1867 1103 1921 super
1126 1870 1233 1921 aquis
1254 1869 1456 1917 stabilivit,
1480 1872 1636 1912 coelum
1664 1885 1811 1925 expan-

544 1923 622 1970 dit,
647 1921 768 1961 stellas
793 1922 1000 1968 formavit,
1028 1921 1158 1962 cursus
1182 1936 1313 1963 earum
1336 1924 1542 1977 disposuit:
1573 1937 1715 1965 terram
1742 1940 1810 1966 or-

543 1977 652 2014 navit
679 1976 863 2024 floribus,
889 1976 1161 2028 hominemque
1187 1990 1235 2016 ex
1266 1978 1331 2024 iis,
1360 1991 1459 2031 quae
1485 1992 1565 2018 non
1588 1979 1732 2027 effent,
1763 1992 1811 2020 ut

544 2029 636 2070 effet
663 2031 834 2082 aliquid,
859 2031 1060 2081 produxit:
1093 2032 1246 2084 iamque
1271 2038 1317 2070 de
1339 2033 1452 2072 coelo
1482 2034 1659 2072 intuetur
1685 2033 1814 2086 fingu-

544 2084 626 2130 los,
655 2083 803 2131 bonos,
827 2084 949 2123 malos
963 2115 972 2132 ,
995 2083 1241 2137 actionesque
1263 2086 1415 2125 illorum
1439 2088 1474 2125 in
1495 2087 1596 2125 libris
1613 2087 1812 2135 describit,

544 2151 589 2178 ac
610 2139 799 2177 retribuet
818 2151 866 2177 ex
887 2138 984 2177 iusto
1003 2138 1176 2190 singulis,
1198 2152 1274 2192 qua
1295 2140 1355 2178 die
1375 2139 1451 2193 ipse
1473 2140 1680 2180 constituit.
1700 2141 1812 2181 Prae-

544 2203 650 2231 terea
682 2205 748 2245 per
771 2205 888 2245 aquas
914 2192 988 2231 sese
1017 2193 1218 2239 renovari,
1249 2204 1366 2245 atque
1391 2207 1440 2233 ex
1466 2195 1673 2247 impiorum
1692 2207 1810 2235 coetu

544 2246 582 2285 in
610 2246 813 2285 beatorum
841 2245 995 2299 vestigia
1024 2245 1205 2286 collocari
1234 2249 1417 2295 credunt3
1445 2250 1599 2300 quidam
1627 2249 1740 2288 etiam
1773 2251 1812 2289 in

546 2300 700 2339 tertium
731 2299 767 2339 se
795 2301 948 2339 coelum
977 2312 1136 2353 nuptm,
1165 2299 1299 2352 resque
1327 2302 1502 2340 omnium
1535 2302 1813 2355 pulcherrimas

546 2354 600 2393 ibi
621 2353 781 2394 edoeios
807 2355 1047 2407 praedicant,
1075 2354 1290 2394 orationem
1312 2356 1503 2407 quandam
1528 2369 1551 2394 a
1582 2368 1689 2407 patre
1719 2356 1812 2396 inci-

548 2408 718 2462 pientem
734 2439 747 2455 ,
773 2408 975 2460 multisque
1015 2407 1235 2447 nominibus
1267 2408 1428 2449 refertos
1455 2410 1630 2460 hymnos
1653 2410 1814 2450 recitant

591 2481 603 2502 ι
634 2469 714 2514 Cap.
740 2481 800 2509 12,
822 2481 959 2514 13,17·
