1907 3101
547 180 643 230 3ss
748 149 1613 215 ANNOTATIONES

596 251 674 289 ibid.
694 245 772 290 Οὔκ
793 249 954 303 ἁπλόος)
974 252 1078 291 Nihil
1097 265 1194 304 opus
1208 252 1260 291 est
1273 254 1544 294 emendatione.
1562 254 1801 308 Adspiratios

539 315 628 342 nem
653 304 754 343 enim
769 304 819 344 fic
833 306 1022 357 negligere
1037 306 1149 345 Iones
1162 337 1172 353 ‚
1196 307 1303 345 nimis
1324 317 1473 347 notum.
1492 309 1548 347 Ita
1571 306 1635 347 οὐκ
1658 309 1801 358 ὁμοίως,

542 356 586 395 δι
607 355 673 396 οὐκ
693 355 855 403 {invide
869 371 917 397 ex
932 359 1133 398 Herodoto
1148 358 1366 398 afferentem
1382 361 1505 400 Maitt.
1528 362 1573 400 de
1593 362 1693 401 Dial.
1713 374 1799 414 pag.

546 423 637 462 133,
651 411 691 466 {a
708 410 794 450 satis
815 423 916 462 patet
931 413 970 450 in
989 412 1211 463 compositis
1225 413 1449 464 ἀπικνέομαι
1464 415 1505 453 &
1525 414 1716 454 similibus.
1739 416 1799 454 lta

545 462 620 501 ἀπ’
639 464 677 502 οὑ
701 465 845 503 Herod.
863 465 932 504 IV.
950 466 995 504 Et
1016 465 1086 504 ἀπ’
1106 465 1260 516 ἑσπέρης
1280 466 1350 514 IV,
1370 481 1443 515 272
1460 467 1504 506 B.
1524 468 1629 508 Licet
1646 469 1682 506 in
1708 469 1803 519 Hip-

543 529 650 568 pocr.
672 516 851 567 adspirata
869 518 1093 572 plerumque
1113 519 1251 558 adscita
1265 550 1276 567 ,
1297 531 1339 558 ut
1362 521 1433 569 ἀφ’
1447 520 1595 560 ὃκοίωνΙ
1612 522 1657 561 de
1668 522 1801 561 Morb.

541 582 604 621 pr.
634 571 674 610 δι
691 570 751 622 ἐφ’
767 571 871 610 ὁκοῖα
892 573 941 610 ib.
970 573 1038 623 ἀφ’
1055 569 1098 611 ἶὶἱν
1117 573 1165 611 ib.
1183 570 1259 625 οὐχ
1279 572 1402 623 ὁμαλὴ
1422 573 1472 613 ib.
1499 587 1535 625 p.
1558 588 1601 626 9;
1621 574 1692 623 ἀφ’
1712 574 1804 614 {coii-

545 620 617 661 τοῦ
640 637 723 676 pag.
746 624 791 662 8:
812 637 966 672 contra,
987 629 1063 665 &vrb
1079 624 1212 665 ἓωϋτοῦ
1227 628 1278 664 ib.
1298 641 1345 679 9,
1363 639 1426 677 15,
1447 639 1535 665 cum
1557 628 1656 667 illico
1674 639 1802 667 tamen

545 677 677 716 rursus
693 678 763 727 ἀφ’
779 676 911 717 ἑωῦτοῦ
923 710 934 727 ,
949 678 990 717 &
1006 679 1068 728 ἐφ’
1083 678 1233 725 {mihim
1253 680 1303 719 ib.
1328 695 1352 733 9
1373 679 1397 719 f.
1418 680 1515 719 Item
1537 677 1600 732 ὑφ’
1617 676 1657 720 ’ἧς
1682 695 1719 734 p.
1738 681 1760 720 8
1777 680 1804 721 f.

546 728 620 768 Sed
636 731 764 770 desino
778 744 980 784 nugarum.
993 733 1139 771 Rmz.

600 788 674 823 ead.
693 786 715 822 l.
736 797 791 824 ιι.
809 784 902 838 Ὠν)
927 785 988 825 Sic
1006 787 1076 825 W.
1099 785 1138 824 δι
1156 787 1202 825 Β.
1230 801 1265 825 2.
1286 787 1398 826 reRe.
1419 787 1478 827 Sic
1501 788 1604 826 enim
1634 786 1797 838 postulat

545 836 641 877 haec
666 837 874 878 Dialectus.
897 840 979 878 Nec
1001 852 1168 892 unquam
1195 841 1232 878 in
1252 853 1300 879 eo
1329 840 1398 880 Ms.
1419 854 1463 880 ea
1484 841 1521 879 in
1542 853 1643 881 voce
1663 854 1806 894 pecca<
1877 842 1878 867 ³

545 899 620 929 tur.
646 891 801 944 Reliqui
823 893 932 943 impr.
956 890 1027 931 οὖν.
1049 893 1205 933 SOLAN.

600 943 965 998 ὶὸὶά.Ἐσέρχονται)
983 946 1044 985 Sic
1065 947 1104 984 in
1129 947 1184 985 M.
1211 947 1267 985 Ex
1293 959 1410 985 manu
1430 958 1556 986 tamen
1578 948 1805 988 recentiore.

547 995 698 1036 Omnes
722 999 830 1050 impr.
850 1012 970 1051 prave
993 999 1225 1051 εἰσέρχεται.
1245 1000 1401 1039 SOLAN.

603 1055 675 1090 ead.
690 1053 714 1090 l.
735 1065 748 1090 1
761 1064 791 1103 ς.
804 1048 893 1092 Ἤτε
905 1053 992 1102 Ἥρη
1005 1082 1017 1097 ,
1031 1054 1092 1091 καὶ
1106 1057 1169 1092 τὸν
1184 1051 1290 1092 αὐτοὶ
1306 1054 1380 1091 Δία
1399 1053 1528 1107 ἐόντα)
1549 1054 1804 1105 Interpretan-

546 1103 617 1142 dus
633 1105 694 1144 hic
708 1105 814 1144 locus
831 1106 884 1145 est
904 1106 948 1144 de
970 1106 1065 1145 Iove
1087 1106 1328 1154 Dolicheno,
1347 1107 1500 1146 auctore
1524 1108 1628 1146 Luca
1650 1107 1802 1146 Holste-

546 1157 616 1196 nio
632 1159 783 1198 innotis
801 1160 845 1198 ad
866 1158 1099 1211 Stephanum
1119 1160 1163 1198 de
1178 1161 1355 1204 urbibus,
1373 1161 1412 1199 in
1430 1165 1617 1200 ΔΟΛΙΧΗ.
1634 1160 1799 1200 ALMEL.

603 1214 676 1250 ead.
700 1212 723 1251 l.
753 1213 806 1251 16.
829 1211 963 1263 Ἄμφω
995 1213 1040 1251 Σὲ
1069 1212 1250 1267 χρύσεοι)
1283 1213 1484 1266 Adscripstt
1514 1214 1548 1252 la
1577 1213 1703 1253 Croze
1727 1213 1806 1253 vid.

547 1264 686 1304 Blond.
700 1265 745 1304 de
760 1266 912 1317 Sibyllis
929 1268 967 1305 L.
981 1266 999 1304 I
1014 1297 1024 1313 ‚
1048 1279 1080 1305 c.
1101 1280 1141 1318 13
1180 1281 1214 1319 p.
1236 1268 1297 1319 65.
1318 1268 1408 1306 Non
1428 1281 1523 1306 vero
1543 1266 1626 1306 satis
1637 1266 1807 1318 designa-

546 1330 658 1357 verat
670 1319 738 1366 ‚ad
757 1332 856 1370 quae
871 1321 985 1359 verba
1002 1321 1093 1359 haec
1108 1321 1340 1372 pertineant,
1360 1333 1525 1372 cumque
1538 1321 1679 1360 librum
1693 1321 1800 1360 illum

547 1384 629 1411 non
650 1372 851 1423 poffideam
865 1404 876 1420 ‚
894 1374 1024 1412 locum
1047 1373 1269 1424 investigare
1289 1387 1454 1426 nequeo.
1471 1375 1616 1413 Rmz.

605 1427 694 1475 Pag.
724 1438 806 1475 ¹¹7·
833 1428 857 1466 l.
877 1441 904 1464 1.
933 1427 1124 1477 Φορέουσι)
1151 1427 1270 1467 Κεὲὶε
1288 1428 1347 1467 hic
1377 1429 1516 1467 habent
1540 1428 1709 1480 plerique
1731 1427 1806 1466 im-

546 1478 670 1530 preffi.
684 1480 740 1518 M.
756 1480 794 1518 &
810 1481 862 1518 Fl.
880 1481 1053 1531 φέρουσι,
1071 1494 1199 1531 prave.
1222 1480 1381 1519 SOLAN.

603 1534 676 1570 cad.
693 1534 714 1569 l.
737 1548 771 1571 2.
796 1531 839 1570 v‘O
854 1533 897 1571 δὲ
910 1533 1098 1583 ταύροισιν
1115 1534 1306 1584 ἐφέζεται)
1331 1535 1419 1573 Vid.
1432 1534 1575 1586 Spanh.
1591 1534 1636 1573 ad
1652 1534 1802 1574 Callim.

551 1599 574 1624 2
586 1600 598 1635 5
611 1600 644 1633 5,
664 1586 704 1625 δι
720 1585 842 1625 Holst.
858 1588 901 1625 ad
916 1587 1041 1638 Stepb.
1058 1588 1220 1638 Byzant.
1233 1588 1320 1626 Sine
1338 1604 1352 1627 ν
1367 1589 1404 1626 in
1423 1589 1600 1627 omnibus
1616 1589 1725 1641 impr.
1740 1602 1805 1628 ex·

548 1650 660 1690 cepta
683 1640 738 1677 Fl.
759 1639 936 1691 scriptum
957 1653 1035 1678 erat
1056 1639 1237 1691 ταύροισι.
1263 1642 1418 1680 SOLAN.

602 1695 674 1731 ead.
692 1694 715 1732 l.
734 1706 766 1744 3.
793 1692 962 1746 Εὶζαιιτιι)
989 1693 1182 1746 Scriptura
1203 1695 1294 1733 haec
1313 1708 1361 1733 ex
1378 1697 1433 1733 W
1448 1694 1511 1733 est.
1526 1708 1643 1746 quam
1659 1708 1731 1735 nos
1744 1695 1806 1735 lu*

549 1745 684 1785 hemer
707 1747 946 1798 arripuimus,
967 1758 1102 1799 utpote
1122 1748 1429 1799 praestantiorem
1447 1749 1602 1800 vulgata
1621 1749 1798 1799 ὄμματα.

549 1799 709 1839 SOLAN.
731 1800 860 1840 Potius
875 1799 1021 1850 εἵματα
1038 1801 1159 1853 scripsi
1171 1832 1181 1847 ‚
1204 1815 1245 1841 ut
1263 1803 1461 1841 habuimus
1472 1815 1551 1840 non
1563 1803 1677 1854 longe
1693 1813 1805 1850 ante,

547 1865 592 1891 ac
614 1854 673 1892 bis
698 1853 899 1906 deinceps,
924 1855 963 1893 &
979 1868 1012 1894 c.
1037 1868 1098 1906 51,
1123 1855 1188 1894 etsi
1217 1856 1362 1904 εὶματοι
1386 1855 1592 1908 laevigavit
1606 1855 1734 1894 Solan.
1755 1868 1806 1896 ex

549 1908 619 1945 W.
644 1906 786 1946 Forsan
811 1909 1050 1958 imprudens,
1072 1919 1113 1946 ut
1138 1910 1324 1947 interdum
1353 1910 1390 1947 in
1414 1910 1635 1948 accentibus
1661 1909 1701 1948 δι
1717 1909 1803 1961 spir.

548 1973 685 1998 manus
703 1961 786 2000 eius
797 1962 952 2001 erravit.
975 1963 1026 2000 At
1048 1962 1147 2001 reste
1161 1962 1355 2011 adspirari,
1379 1962 1637 2002 utsexcenties
1652 1976 1709 2015 ap.
1722 1962 1807 2002 Ho-

548 2026 642 2052 mer.
657 2013 697 2052 &
719 2014 757 2052 in
777 2015 980 2053 Herodoto
1000 2016 1038 2054 L.
1055 2015 1107 2063 11,
1130 2029 1201 2066 134
1216 2016 1258 2054 B.
1285 2016 1442 2054 constat.
1464 2017 1608 2055 Rmz.

605 2067 710 2105 ead.l.
732 2080 761 2116 5.
775 2067 814 2106 ‘H
826 2061 962 2119 ἓὲἭρη
976 2091 1019 2097 -
1035 2069 1112 2120 τοι)
1128 2070 1217 2107 Non
1234 2069 1353 2121 placet
1367 2069 1538 2117 illud‘ron,
1553 2070 1658 2122 quod
1672 2081 1808 2109 omnes

546 2119 632 2158 libri
655 2120 771 2159 nostri
786 2121 977 2161 exhibent.
1002 2122 1157 2160 Mallem
1173 2137 1243 2161 σοι.
1272 2123 1429 2162 SOLAN.

600 2177 674 2212 ead.
691 2175 714 2212 l.
726 2174 760 2214 6.
778 2173 1015 2227 Ξὺμποιντοι)
1032 2175 1086 2213 At
1099 2176 1241 2214 Herod.
1254 2176 1466 2226 σύμπαντα
1482 2176 1638 2228 semper.
1660 2176 1800 2215 REITz.

601 2230 674 2264 ead.
689 2227 712 2264 l.
734 2240 791 2265 10.
809 2228 889 2266 Ἐπὶ
911 2227 960 2276 τῇ
973 2228 1113 2277 κεφαλῇ
1130 2229 1284 2268 ἀκτῖνάς
1298 2245 1341 2268 τε
1357 2229 1495 2282 φορέει)
1523 2231 1626 2269 Bene
1649 2231 1801 2269 monuit

547 2279 694 2320 Hemst.
714 2281 924 2319 adeundum
942 2282 1094 2321 Kuster.
1114 2283 1160 2320 ad
1179 2282 1373 2333 Aristoph.
1391 2284 1468 2322 Av.
1495 2297 1532 2322 v.
1561 2297 1574 2321 1
1588 2296 1601 2321 1
1616 2297 1671 2331 ¹4·
1697 2282 1753 2322 Ibi
1773 2284 1804 2323 is

545 2334 683 2380 docet,
703 2334 803 2373 reete
825 2334 1087 2375 camerarium
1105 2348 1152 2374 ex
1176 2337 1240 2375 illo
1254 2336 1449 2388 Aristoph.
1466 2336 1555 2375 loco
1580 2337 1805 2384 observare,

544 2385 753 2426 statuarum
768 2389 954 2439 capitibus
967 2390 1066 2440 apud
1083 2400 1173 2428 vett.
1197 2390 1346 2428 lunulas
1359 2390 1442 2427 addi
1457 2389 1580 2428 solitas
1602 2389 1705 2428 fuiffe
1719 2420 1729 2437 ‚
1756 2403 1804 2431 ne

543 2441 679 2480 avium
695 2440 859 2483 stercore
876 2442 1183 2495 inquinarentur.
1212 2441 1283 2484 Sed
1302 2441 1439 2483 refutat
1459 2443 1623 2484 eundem
1640 2444 1802 2496 opinanz

1881 373 1886 416 ,.,.
1882 334 1886 358 ,,
1881 293 1886 324 -,
1873 0 1891 282 .«--,...v-.-.-2-a-÷-a-
