1907 3101
303 211 387 258 IN
436 209 1037 257 CHARIDEMUM.
1226 226 1306 276 545

54 302 96 342 &
119 299 194 342 hoc
219 301 267 340 ad
292 301 579 354 praecedentem
602 300 811 350 Dialogum
835 298 965 339 referri
989 299 1138 340 debere.
1155 299 1314 339 Sorax«.

52 355 293 395 Reiiciuntur
318 356 408 394 haec
430 355 543 394 etiam
569 354 617 395 ab
636 354 694 393 ed.
715 355 762 392 B.
788 368 823 402 4.

701 463 1311 474 ——..—-———.—.,.—-—

225 532 327 576 IN
396 497 1135 576 CHARIDEMUM.

108 622 199 677 Pag.
216 622 304 664 268.
318 624 340 662 I.
361 636 393 662 1.
410 623 697 670 ΧΑΡΙΔΗΜΟΣ)
724 622 814 662 Νοη
829 620 902 662 effe
925 623 1026 662 hunc
1048 622 1212 661 libellum
1238 622 1316 663 Lu-

56 675 180 725 ciani,
207 677 324 716 auslm
350 677 602 723 contendere,
637 676 697 715 sed
717 675 983 715 Scholasticam
1008 676 1168 715 alicuius
1193 677 1316 716 decla-

56 731 261 770 mationem
282 744 403 783 prope
437 730 642 782 puerilem3
665 730 777 769 cuius
803 731 856 768 rei
877 730 1106 770 documenta
1128 732 1313 782 quaedam

56 796 78 822 e
95 782 179 823 stilo
208 784 322 837 petita
347 797 437 824 mox
460 784 633 822 dabimus
650 813 660 831 ‚
686 796 822 835 nempe
851 783 1033 835 insignia,
1056 796 1104 823 ne
1128 784 1212 835 quis
1234 784 1314 824 sola

56 846 175 890 putet.
202 837 327 878 GEsN.
485 869 490 871 >

114 891 202 943 Pag.
223 892 310 942 269.
330 893 352 930 l.
373 905 406 929 2.
430 891 484 931 Ἐν
501 890 691 941 Διασίοις)
718 890 808 929 vid.
832 888 974 929 Bourd.
998 901 1077 929 not.
1101 890 1142 930 δι
1165 890 1315 931 Scholia

57 945 104 982 ad
125 949 208 994 Τιμ.
229 958 261 984 c.
288 959 330 997 5,
352 946 391 984 δε
409 944 517 990 Ἰκαρ.
539 957 569 983 c.
593 959 653 992 24.
679 944 836 983 SOLAN.
858 943 901 982 In
926 956 1044 995 marg.
1060 945 1105 984 P.
1122 946 1312 984 additum:

58 997 164 1036 Festa
188 998 291 1038 Iovis
308 998 416 1037 fuere
433 998 592 1037 Athenis
614 997 740 1036 Diasia
755 1029 766 1044 ,
786 998 863 1036 ἀπὶ
880 995 1089 1050 «Γιαφυγεῖν
1104 996 1240 1037 αὖτοὺς
1260 996 1316 1038 εὗ-

57 1051 156 1105 χαῖς
177 1054 251 1090 τὰς
267 1052 382 1097 ἄσας,
401 1061 443 1091 ut
456 1049 585 1090 Suidas
600 1051 670 1097 ait,
685 1051 869 1102 appellata
888 1067 895 1088 :
919 1051 957 1090 &
976 1051 1071 1090 hanc
1088 1050 1176 1091 fors.
1190 1053 1318 1091 Bour-

57 1105 187 1145 delotii
204 1116 334 1143 noram
352 1105 521 1157 intelligit
536 1104 718 1152 Solanus3
742 1117 827 1143 nam
845 1104 951 1143 aliam
974 1103 1138 1144 eiusdem
1154 1106 1215 1144 hic
1236 1118 1316 1144 non

58 1160 233 1198 invenio.
263 1158 333 1197 Sed
356 1157 465 1210 supra
484 1158 588 1204 T.1,
611 1158 711 1198 Tim.
734 1171 766 1197 c.
789 1171 829 1207 7,
856 1158 992 1210 aliquid
1011 1158 1057 1197 de
1076 1158 1246 1198 Διασίοις
1262 1161 1315 1199 di·

58 1213 139 1258 xit,
157 1213 222 1251 ubi
242 1213 281 1252 δι
305 1211 517 1251 Hemsterh.
538 1211 725 1251 consulas.
748 1210 890 1251 Rmz.

113 1267 203 1319 Pag.
222 1279 308 1315 270.
331 1266 354 1306 l.
379 1280 433 1304 11.
449 1264 536 1316 Περὶ
551 1264 625 1304 τῶν
647 1265 881 1316 ἀσταχύων)
900 1263 1048 1314 Quales
1071 1265 1149 1304 ludi
1172 1264 1209 1303 in
1221 1265 1314 1305 Pro-

60 1318 186 1359 vincia
205 1319 353 1360 Gallica
373 1318 456 1358 satis
484 1319 658 1370 antiqui,
681 1319 837 1358 Florales
858 1317 969 1366 dicti,
993 1319 1134 1370 quibus
1159 1319 1205 1358 de
1232 1333 1314 1358 car-

59 1373 205 1414 minum
219 1373 330 1412 laude
341 1383 525 1425 certatur,
537 1373 825 1424 praemiumque
838 1370 890 1410 est
904 1371 976 1410 flos
987 1384 1138 1411 aureus.
1154 1371 1314 1411 SOLAN.

117 1427 205 1478 Pag.
230 1440 316 1475 271.
342 1427 367 1464 l.
392 1442 428 1474 4.
454 1426 602 1476 Φίλων)
629 1425 691 1464 De
720 1424 878 1465 Philone
900 1425 1054 1464 Luciani
1078 1426 1202 1464 amico
1227 1427 1315 1465 vide

61 1483 210 1534 20779.
226 1479 406 1529 διΣυμπ.
431 1479 681 1531 Quamquam
704 1479 779 1518 hoc
794 1479 948 1531 quidem
965 1491 1063 1531 opus
1078 1479 1313 1519 Lucianeum

60 1545 142 1573 non
164 1533 238 1573 ess'e
264 1533 442 1585 suspicor.
471 1533 627 1572 Sol-AN.

116 1588 207 1641 Pag.
224 1599 309 1638 273.
327 1588 352 1626 l.
373 1601 386 1626 1
400 1601 431 1626 1.
450 1586 495 1624 Ἢ
517 1585 655 1625 πάντα
676 1585 808 1624 τᾶλλα
835 1584 1054 1638 παρέντας)
1083 1585 1193 1624 Haec
1217 1586 1315 1626 male

62 1641 268 1681 coniuneta
295 1641 359 1679 vix
382 1640 586 1680 cohaerere
613 1639 814 1687 videntur,
839 1638 904 1677 nlsl
929 1639 1147 1689 interponas
1172 1641 1314 1679 articu-

61 1694 141 1734 lum
167 1694 230 1744 τῷ.
259 1693 344 1734 Πᾶἷς
364 1693 407 1733 ἂν
427 1696 471 1734 το
504 1695 617 1731 καλου
644 1693 819 1742 magma,
843 1692 860 1732 {i
884 1690 937 1741 τῷ
957 1694 1108 1744 meysam
1137 1693 1186 1731 ita
1212 1705 1314 1733 certe

62 1748 329 1801 interpretatus
349 1747 442 1787 sum.
467 1747 641 1787 Verbum
665 1747 790 1797 σώζειν
813 1745 873 1785 hic
893 1745 1072 1797 significat
1092 1746 1198 1791 tueri,
1217 1747 1315 1798 ades-

59 1801 121 1853 β’,
145 1804 313 1854 ostendere.
339 1802 457 1841 Simili
481 1801 558 1841 fere
583 1800 732 1839 ratione
756 1798 978 1838 Plutarchus
1009 1800 1054 1838 de
1081 1798 1176 1838 facie
1196 1800 1231 1838 in
1255 1813 1317 1839 or-

67 1855 114 1895 be
137 1855 268 1895 Lunae
292 1870 326 1907 p.
354 1869 447 1906 ¹70¹
472 1855 523 1894 H.
539 1853 666 1907 Steph.
694 1853 738 1891 de
758 1852 942 1892 Cleanthe
961 1853 1113 1900 Samio,
1135 1853 1315 1905 Φαινέμς·

65 1923 114 1949 νοι
139 1910 264 1960 σώζειν
289 1908 460 1960 ἐπειρᾶτο
481 1909 600 1959 μένειν
623 1910 685 1946 τὸν
711 1903 853 1958 οὗροινδν
880 1904 1136 1955 ὑποτιθέμενος
1157 1921 1191 1946 κ.
1212 1922 1249 1945 τ.
1275 1919 1312 1945 λ.

65 1963 133 2001 ubi
155 1964 266 2002 etiam
286 1964 333 2001 ad
355 1961 711 2002 demonstrationem
725 1990 739 2006 ,
757 1960 798 2000 δι
819 1960 1126 2000 conciliationem
1153 1959 1316 2000 affenl'us

65 2015 236 2056 refertur.
265 2015 393 2056 GESN.

121 2070 213 2122 Pag.
228 2084 314 2119 274.
333 2072 356 2109 l.
371 2082 403 2123 5.
426 2067 653 2121 Διόσκουροι)
674 2067 732 2106 Ita
755 2067 794 2107 δι
807 2067 944 2117 Navig.
965 2079 995 2105 c.
1014 2081 1055 2119 9,
1069 2076 1113 2105 ut
1134 2065 1219 2104 alibi
1236 2068 1315 2118 ple-

68 2136 241 2176 rumque.
261 2124 331 2163 Sed
349 2123 536 2163 interdum
556 2122 597 2161 δι
612 2123 796 2173 Διόσκοροι
813 2122 912 2174 apud
926 2120 1118 2159 Nostrum.
1135 2120 1188 2159 V.
1208 2120 1312 2160 Dial.

69 2178 224 2217 Meretr.
249 2177 358 2217 XIV.
388 2177 533 2216 Rm-rz.

122 2234 195 2271 ead.
212 2233 234 2270 l.
253 2230 288 2271 8.
303 2231 413 2270 Αἰτία
434 2228 635 2284 γενέσθαι)
659 2229 733 2268 Hic
760 2227 900 2281 aliquid
922 2226 1041 2266 deeffe
1063 2227 1228 2267 videtur.
1252 2228 1312 2267 An

69 2282 136 2325 τῆς
156 2284 363 2324 ἀθανασίας
376 2284 484 2323 αἰτία
505 2299 549 2337 7.
567 2285 641 2323 &c.
658 2282 826 2322 GUYET.
843 2281 965 2321 Facile
983 2280 1198 2328 subaudias,
1219 2282 1319 2320 eius-

69 2338 155 2378 dem
181 2339 235 2377 rei
260 2338 455 2377 au&orem
478 2337 663 2376 Helenam
688 2335 863 2374 fratribus
886 2334 1015 2380 fuisse,
1035 2348 1149 2386 quam
1171 2334 1245 2384 ipsa
1266 2334 1317 2374 fe-

69 2392 145 2440 cit3
163 2404 286 2444 neque
309 2391 447 2444 aliquid
471 2389 644 2430 excidiffe
664 2390 803 2435 credo,
830 2389 858 2427 fi
883 2388 1005 2427 stilum
1028 2388 1142 2427 huius
1163 2387 1317 2440 Dialogi

71 2445 256 2498 respicias.
280 2445 326 2484 Et
340 2445 368 2484 sl
387 2444 451 2483 καὶ
472 2445 588 2483 modo
606 2456 732 2483 vertas
747 2443 844 2481 etiam
857 2472 870 2490 ‚
891 2441 975 2480 satis
991 2442 1162 2493 procedit
1179 2440 1316 2491 sermo,

72 2515 112 2538 ea
135 2499 209 2551 ipfiz
225 2500 288 2538 hoc
298 2498 405 2549 fecit,
424 2498 591 2548 fratribus
611 2498 721 2538 etiam
737 2497 866 2549 suasit,
888 2495 966 2537 five
983 2494 1096 2547 effecit.
1123 2496 1265 2534 REITZ.

180 2553 321 2591 Lucium
347 2552 425 2590 Vol.
454 2551 522 2589 IX.
978 2549 1022 2587 M
1038 2562 1075 2587 m
