1907 3101
564 268 653 316 532
761 248 1631 300 ANNOTATIONES

564 337 663 377 &uri
678 366 689 385 .,
717 337 859 390 τέχνην
885 336 1155 378 ἐπικαλοῦντες
1179 335 1284 389 adu}
1307 341 1371 380 τὶν
1391 340 1563 392 τρίβωνα,
1586 341 1651 380 καὶ
1672 341 1735 382 τὴν
1752 342 1822 387 βιῶ

558 391 736 443 ριτηρίιιν,
762 391 827 430 καὶ
851 386 945 430 αὐτὸ
973 394 1018 430 τὸ
1043 392 1256 433 κεκτῆσθαι
1284 392 1401 443 μηδὲν
1429 394 1469 433 ἐκ
1492 393 1559 434 τῆς
1585 397 1823 445 φιλοσοφίας.

561 444 630 483 Ille
655 445 785 496 igitur,
804 458 920 496 quem
936 444 1171 485 Charicenus
1191 446 1405 499 exspectat,
1432 447 1599 500 quisquis
1615 449 1728 488 etiam
1754 449 1821 495 sit,

560 508 711 537 tantum
735 499 855 546 abest,
889 510 930 538 ut
952 510 1109 551 propter
1128 512 1244 539 artem
1274 501 1423 539 tributis
1447 513 1680 554 quemquam
1703 515 1823 542 vexa-

557 562 673 590 turus
695 551 757 598 sit,
782 562 824 590 ut
844 564 891 590 ne
913 552 957 591 de
976 564 1058 591 arte
1076 553 1227 605 quidem
1244 552 1288 592 sit
1305 554 1632 605 interrogaturus,
1657 555 1715 595 sed
1735 569 1824 608 pro-

558 605 700 644 miscue
716 617 850 644 omnes
875 606 1006 657 (etiam
1031 605 1276 658 praviffimos
1300 606 1543 661 impostores)
1559 609 1594 646 in
1617 608 1822 648 beneficio-

557 672 645 699 rum
678 660 992 698 communionem
1021 660 1061 698 &
1086 660 1130 698 ad
1158 661 1377 700 vacationes
1406 674 1610 700 munerum
1643 675 1822 714 receptu·

559 725 637 752 rus.
661 712 786 751 GESN.
818 714 894 751 Τὰς
914 713 1063 765 τέχνας
1084 715 1257 753 emendat
1287 714 1428 753 Heum.
1449 714 1560 754 Poec.
1581 729 1617 767 p.
1636 729 1735 768 254,
1755 729 1822 755 ar-

558 766 692 818 tesque
717 765 913 811 liberales,
946 767 1148 819 praecipue
1177 767 1449 815 Rhetoricam,
1488 769 1638 820 τέχναις
1663 782 1823 809 vocatas

559 820 711 874 probat.
736 819 883 858 Rmz.

614 876 686 911 ead.
704 874 727 911 l.
749 887 804 925 13·
824 872 1110 926 Χλευὸχαρμος)
1136 874 1299 926 Utrique
1324 873 1600 927 Prophetarum
1626 875 1673 914 ab
1696 876 1822 915 inani-

558 937 639 967 tate
664 927 750 965 hinc
770 927 935 978 gratiae,
951 929 1040 967 hinc
1057 928 1206 979 gaudii,
1223 927 1325 980 quod
1344 927 1516 967 futurum
1536 929 1822 976 annuntiarent,

559 992 703 1020 nomen
725 979 837 1019 facit:
863 980 1087 1032 respicitque
1113 983 1158 1020 ad
1185 984 1295 1020 κενὰς
1324 981 1509 1028 imisue,
1533 995 1629 1034 quas
1654 981 1765 1035 supra
1787 997 1820 1024 c.

561 1050 587 1081 4
608 1035 651 1073 iis
675 1034 938 1086 exprobrarat.
963 1034 1174 1084 Χαρίκενος,
1194 1035 1261 1086 qui
1289 1037 1398 1075 κενὰς
1420 1036 1592 1087 χάριτας
1608 1036 1823 1088 pollicetur,

560 1086 852 1138 Χλευόχαρμος,
873 1089 980 1127 cuius
999 1101 1126 1140 nugax
1141 1087 1401 1127 &illusorium
1423 1088 1476 1128 est
1490 1090 1680 1141 gaudium.
1694 1090 1822 1130 GEsN.

616 1142 696 1180 ibid.
712 1141 912 1194 Τριβώνιον)
937 1142 1098 1180 Habitus
1114 1141 1280 1187 ascetae,
1313 1154 1425 1194 quem
1449 1144 1560 1181 etiam
1582 1143 1735 1183 describi
1751 1157 1823 1196 pu-

561 1206 605 1235 to
628 1195 777 1241 verbis,
796 1207 895 1247 quae
920 1194 1149 1246 sequuntur:
1176 1195 1392 1245 κακοείμων,
1418 1195 1460 1247 ἐξ
1484 1197 1582 1248 ὁρέων
1606 1198 1820 1249 ‘mapa-yem-

558 1263 683 1300 μενος,
708 1249 924 1299 κεκαρμένος
948 1248 1016 1289 τὴν
1045 1249 1174 1299 κόμην.
1205 1248 1268 1288 De
1297 1248 1453 1289 tonsura
1482 1250 1566 1302 post
1587 1251 1660 1289 erit
1688 1250 1823 1303 agendi

562 1301 726 1343 occasio.
751 1301 876 1342 GEsN.

616 1358 693 1394 ead.
714 1356 738 1395 l.
757 1370 812 1405 15.
830 1355 892 1394 Ὡς
913 1354 1163 1407 &eseliae-to)
1186 1354 1251 1395 Ὡς
1276 1355 1361 1402 hic,
1385 1355 1425 1395 δι
1450 1354 1605 1396 inferius
1628 1369 1660 1397 c.
1685 1368 1730 1408 23
1748 1388 1759 1405 ‚
1774 1355 1822 1396 ὧς

561 1409 596 1451 εἴ
614 1423 703 1448 τινα,
721 1411 863 1462 λυγρὰν
884 1410 937 1460 ἐν)
947 1411 1084 1461 γελίαν
1109 1410 1344 1462 ἀγάγωμεν,
1368 1410 1556 1462 accipitur
1576 1410 1660 1450 ἀντὶ
1681 1408 1747 1449 τοῦ
1761 1411 1821 1450 ἵτι

561 1461 873 1515 ἀφηγηματικοῦ,
889 1475 975 1501 cum
989 1463 1188 1514 obliquam
1204 1463 1418 1501 orationem
1437 1463 1474 1501 in
1492 1463 1630 1502 rectam
1647 1477 1822 1503 commu-

561 1528 701 1555 tamus.
727 1515 787 1554 De
810 1527 974 1567 utroque
1000 1517 1077 1568 agit
1095 1515 1299 1555 Devarius.
1322 1515 1443 1567 Quod
1470 1518 1515 1555 ad
1530 1530 1608 1557 rem
1633 1517 1748 1569 ipsam
1765 1528 1822 1557 at·

562 1571 656 1608 tinet
671 1599 684 1614 ,
713 1569 933 1608 crediderim
956 1568 1086 1618 respici
1110 1570 1153 1608 ad
1178 1569 1375 1609 coelestem
1391 1583 1621 1623 aureamque
1641 1570 1823 1610 Hieroso·

562 1624 734 1673 lymam‚
762 1635 804 1661 ut
834 1623 870 1660 in
896 1622 1133 1675 Apocalypsi
1155 1624 1335 1662 divinitus
1355 1624 1407 1663 est
1429 1623 1588 1663 Iohanni
1605 1624 1820 1676 repraesen-

561 1688 639 1715 tata
652 1690 663 1723 ;
677 1675 743 1715 sub
756 1689 836 1728 quo
848 1675 1034 1716 schemate
1051 1676 1172 1717 felicia
1186 1675 1252 1715 fibi
1267 1687 1443 1730 tempora
1459 1678 1687 1730 promittunt
1702 1677 1815 1718 Chri-

563 1730 683 1771 stiani.
711 1728 840 1769 GESN.

618 1784 709 1836 Pag.
729 1797 815 1835 259.
828 1784 853 1822 l.
875 1796 904 1821 1.
928 1783 1044 1835 'Avevy
1055 1783 1289 1836 εγραιμμένον
1309 1783 1441 1837 ῧνομα)
1461 1786 1507 1822 Tb
1527 1783 1628 1836 ἔχων
1649 1784 1708 1824 hic
1729 1784 1822 1824 defi.

563 1838 685 1876 derari
705 1837 867 1876 videtur.
886 1836 1056 1877 Gom.
1080 1838 1169 1877 Non
1196 1837 1437 1887 desideratur,
1460 1838 1488 1877 si
1507 1837 1735 1891 ἑπεὸείξατὸ
1756 1853 1821 1890 μοι

564 1891 680 1941 ’όνομοι
699 1891 955 1929 coniunxeris.
983 1891 1132 1930 Rmrz.

619 1946 691 1982 ead.
707 1944 729 1982 l.
751 1957 781 1994 3.
806 1944 1065 1996 'Apio‘to'tvd‘pov
1090 1944 1152 1983 καὶ
1173 1944 1463 1997 Ἀρτεμιὸώρου)
1490 1944 1709 1985 Posterioris
1726 1944 1822 1984 liber

565 1998 612 2037 ad
634 1996 798 2036 nostram
824 1997 944 2050 usque
967 2008 1127 2037 aetatem
1151 1999 1343 2050 pervenit:
1364 2000 1408 2038 de
1432 1999 1545 2051 priori
1567 1997 1662 2037 Plin.
1683 1998 1821 2047 xvu,

569 2064 645 2102 25,
671 2051 881 2099 videndus,
909 2053 1009 2091 unde
1034 2053 1079 2091 de
1107 2053 1285 2104 prodigiis
1315 2051 1490 2105 scripfiffe
1519 2050 1714 2098 discimus;
1742 2065 1822 2091 me-

566 2105 680 2143 minit
703 2105 743 2144 δι
765 2105 911 2144 Aelian.
926 2106 977 2143 V.
1000 2105 1163 2151 H.X11‚
1185 2106 1246 2154 64.
1268 2105 1372 2145 Huic
1389 2106 1606 2146 Alexander
1624 2106 1821 2145 credulita-

565 2169 641 2197 tem
673 2157 889 2206 addixerat,
918 2169 960 2198 ut
984 2159 1038 2197 ait
1065 2157 1244 2205 Curtius,
1268 2160 1337 2210 qui
1357 2160 1440 2198 eius
1463 2159 1589 2211 paffim
1620 2160 1820 2206 meminit;

564 2223 607 2250 ut
629 2212 666 2250 δε
690 2211 782 2249 Plut.
799 2213 912 2251 Alex.
937 2211 995 2251 sed
1021 2212 1067 2251 ab
1082 2225 1131 2251 eo
1152 2213 1198 2251 de
1221 2213 1455 2252 divinatione
1477 2212 1654 2263 scriptum
1677 2212 1820 2265 aliquid

565 2265 698 2304 nullibi
726 2266 887 2316 reperio.
911 2266 1001 2305 Vid.
1024 2266 1136 2304 etiam
1164 2265 1263 2305 Pott.
1290 2279 1388 2316 294,
1416 2279 1431 2303 1
1449 2295 1460 2312 ‚
1487 2266 1525 2305 δι
1544 2266 1751 2318 Rigaltium
1774 2265 1822 2305 ad

565 2318 855 2358 Artemidorum
877 2319 924 2365 Ι,
949 2333 1010 2371 33.
1032 2318 1338 2358 Telmiffensibus
1358 2320 1617 2359 inventionem
1644 2321 1732 2359 artis
1756 2320 1823 2358 tri·

567 2372 649 2410 buit
673 2371 793 2410 Clem.
815 2372 926 2411 Alex.
954 2386 990 2424 p.
1014 2385 1054 2410 11
1068 2386 1080 2410 ι
1102 2373 1143 2411 Β.
1172 2385 1250 2424 qua
1270 2372 1416 2411 somnia
1446 2373 1720 2413 coniectabant.
1742 2372 1823 2412 Re-

566 2424 676 2477 spicit
698 2438 833 2476 nempe
854 2427 956 2464 hunc
977 2425 1238 2464 Aristandrum
1254 2455 1265 2472 ,
1289 2426 1349 2466 cui
1373 2439 1417 2465 ea
1441 2427 1558 2478 patria
1578 2439 1659 2478 cap.
1684 2425 1757 2478 seq.
1779 2427 1821 2465 &

567 2478 663 2517 Plut.
685 2478 708 2517 l.
723 2491 754 2517 c.
769 2479 912 2529 Lycius
931 2480 1065 2518 dicitur
1086 2481 1184 2531 apud
1200 2478 1367 2518 Philostr.
1385 2493 1472 2533 350,
1486 2480 1551 2519 ubi
1569 2480 1605 2518 id
1627 2491 1743 2518 notae
1757 2491 1823 2518 ex·

566 2532 734 2583 pediunt.
753 2532 910 2572 SOLAN.
937 2533 1137 2585 Aristander
1159 2532 1381 2573 Alexandro
1401 2546 1545 2587 magno
1561 2533 1602 2572 in
1620 2533 1820 2572 itineribus
