1907 3101
606 214 691 277 508
796 214 1658 262 ΑΝΝΟΤΑΤΙΟΝΕε

601 302 814 378 referretur.
835 303 990 343 SOLAN.
1013 304 1148 351 Verri,
1168 304 1272 356 quasi
1302 304 1525 356 legeretur
1512 304 1644 349 εκεῖνο,
1670 305 1774 356 quod
1796 304 1850 344 est
1904 340 1907 352 ,

602 369 681 394 mu
674 357 727 395 'to
748 357 992 402 concinnius,
1020 370 1251 409 quamquam
1280 370 1356 395 non
1383 356 1530 405 statim,
1547 358 1572 396 s1
1595 357 1758 410 reliquas
1782 371 1851 396 au-

603 408 719 447 ctoris
744 410 902 462 ineptias
923 410 1085 462 speeies,
1111 411 1248 449 verius.
1274 410 1397 449 GESN.

657 463 745 501 ibid)
752 464 999 515 Επωμόσοιτο)
1014 463 1105 502 Ab’
1092 464 1259 512 επωμόω,
1275 464 1338 502 vel
1350 463 1743 514 ἑπωμόζω,ἰηῒθτρῖεὸ.
1757 464 1853 502 Scri-

602 515 683 554 bo'
670 530 906 564 επωμωσοιτο
926 517 973 554 ab
997 518 1161 565 ἐπωμόω.
1177 516 1344 556 GUYET.
1359 516 1615 568 Ἐπωμίσοιτο)
1637 517 1850 556 Secundum

602 568 795 619 interpret.
812 571 892 608 Lat.
910 569 1107 622 legendum
1127 581 1205 608 erat
1223 569 1443 619 ἑπωμίσατο
1455 570 1502 608 ab
1515 570 1702 620 ἑπωμίζω,
1718 583 1851 621 quam-

605 622 663 660 vis
687 623 781 661 hanc
816 636 950 662 vocem
981 624 1017 661 in
1040 623 1152 663 Thes.
1178 623 1304 674 Steph.
1337 635 1415 661 non
1437 623 1633 675 reperiam.
1663 624 1850 662 KUSTER.

605 675 801 726 Quamvis
830 676 1083 715 absurdiffima
1109 676 1179 715 sint
1202 677 1238 714 in
1263 677 1337 715 hoc
1372 675 1501 715 libello
1530 676 1681 722 omnm
1707 676 1779 721 sic,
1809 688 1851 716 ut

603 729 804 768 emendare
817 730 922 768 iubet
943 729 1150 775 Kusterus,
1171 728 1347 779 scripfiffe
1366 729 1559 768 aufiorem
1575 759 1583 775 ‚
1600 729 1753 767 dubium
1772 730 1854 768 nul·

601 782 680 820 lum
706 782 777 821 effe
802 783 944 834 potest,
961 783 1121 834 ideoque
1143 783 1270 821 invitis
1290 783 1392 821 libris
1417 782 1552 820 nostris
1573 783 1610 820 in
1631 793 1775 821 textum
1795 795 1855 822 re·

603 837 782 887 cepimus.
796 835 943 875 Omnes
956 839 1054 875 enim
1071 837 1295 885 ἐπωμόσατο
1311 836 1459 875 habent.
1472 836 1626 874 SOLAN.
1640 836 1852 885 Ἐπωμόσιι-

603 889 675 941 το)
704 889 869 935 Fidium,
891 901 931 928 ut
956 890 1131 937 videtur,
1162 890 1207 928 ad
1235 890 1328 929 hanc
1346 902 1423 927 rem
1453 889 1500 928 ab
1526 889 1680 927 auctore
1701 890 1854 936 nostro,

603 943 665 979 vel
690 943 765 981 alio
782 944 966 990 verbum3
984 943 1275 995 Lexicographis
1289 954 1391 981 certe
1406 943 1593 994 ignotum.
1607 942 1734 981 Simile
1752 943 1852 993 apud

603 995 760 1034 Plinium
778 996 976 1048 succollare.
999 995 1124 1036 GESN.
1147 996 1408 1048 Ἐπωμίσοιτο)
1433 995 1506 1034 Etsi
1526 1008 1581 1034 ter
1609 1006 1740 1047 quater
1766 996 1853 1034 ἑπο-

601 1048 789 1098 μοσόμεθει
806 1049 843 1088 δι
861 1049 1097 1098 ἐπομόσομαι
1115 1049 1244 1088 deinde
1263 1050 1300 1087 in
1320 1050 1392 1088 hoc
1413 1048 1513 1089 Dial.
1540 1048 1746 1101 sequuntur
1760 1078 1772 1096 ‚
1796 1049 1854 1088 iu-

605 1103 710 1140 randi
735 1102 1028 1155 significatione,
1061 1104 1099 1142 &
1125 1119 1141 1140 o
1167 1103 1299 1151 brevi3
1331 1103 1393 1141 hic
1415 1114 1540 1142 tamen
1567 1101 1685 1155 ipsum
1710 1101 1853 1140 belum
1902 1103 1903 1106 ’

603 1155 797 1206 quuitur,
823 1156 858 1195 id
881 1157 940 1195 hic
963 1155 1092 1195 locum
1115 1167 1191 1195 non
1215 1155 1370 1195 habere:
1390 1168 1507 1207 quare
1534 1155 1698 1195 Kustero
1721 1168 1765 1194 ac
1783 1155 1854 1194 So-

602 1208 691 1247 13ηο
714 1209 939 1249 auscultavi:
965 1221 1034 1249 nec
1057 1210 1156 1248 enim
1188 1209 1284 1249 ratio'
1316 1220 1492 1260 apparet,
1514 1222 1584 1248 cur
1617 1208 1779 1248 verbum
1806 1209 1853 1247 ab
1902 1239 1904 1254 ,

601 1263 776 1315 analogia
795 1263 972 1302 recedens
995 1263 1052 1302 hic
1073 1262 1217 1316 fingere
1237 1263 1401 1302 libuerit.
1426 1262 1525 1301 Nam
1550 1261 1693 1314 ἐπωμὶς
1719 1261 1771 1301 est
1795 1261 1854 1302 su-

604 1316 731 1368 perior
749 1316 898 1356 humeri
922 1329 1017 1368 pars.
1035 1316 1122 1355 Vid.
1145 1316 1252 1355 Foes.
1270 1317 1413 1355 Rmz.

657 1371 768 1408 eadml
789 1384 846 1418 14.
862 1370 1046 1421 Ἠροτρίοι>
1067 1369 1121 1408 Ita
1143 1369 1241 1422 apud
1264 1370 1417 1409 Lucian.
1441 1368 1563 1409 Conc.
1584 1368 1704 1407 Deor.
1725 1380 1805 1420 cap
1828 1382 1853 1418 7

600 1420 676 1473 seq
692 1423 850 1462 Momus
872 1423 917 1461 ad
940 1424 1094 1470 Iovem,
1114 1423 1269 1469 Timui,
1283 1423 1432 1474 inquit,
1453 1436 1505 1471 μιν
1526 1436 1566 1460 σε
1582 1422 1771 1470 καταθύσῃ
1793 1436 1854 1460 τις

602 1475 846 1525 ξυλλοιβωιι,ς
834 1476 938 1515 οπότ
961 1477 1006 1515 ἂν
1025 1491 1156 1527 ταυρος
1182 1487 1238 1526 ιἰς,
1260 1479 1277 1515 ii
1303 1477 1373 1515 τῶν
1396 1476 1618 1528 χρυσοχόων
1636 1489 1695 1513 τις
1722 1490 1854 1537 ›coenf-

604 1543 644 1587 ¹)
640 1530 783 1568 ι”.σητοιι
798 1544 936 1582 χρυσον
959 1530 1073 1576 ὅντα,
1096 1544 1160 1568 και
1183 1530 1268 1568 ἄντι
1291 1533 1395 1575 Am,
1418 1534 1435 1569 ιι
1453 1529 1570 1581 ὅρμος,
1589 1529 1607 1569 ri
1631 1529 1695 1567 ἑλ)
1699 1527 1821 1572 όβιον
1808 1544 1854 1568 n-

600 1581 664 1631 μὶν
684 1583 786 1635 γένιι.
808 1583 937 1623 Gesn-

655 1636 747 1687 Pag.
774 1649 861 1687 243.
880 1638 904 1675 l.
929 1649 959 1674 1.
983 1636 1334 1689 Κατεκεντοιννυτο)
1363 1636 1476 1675 Forte
1502 1635 1808 1674 κατεκεντέννυτο
1832 1647 1855 1673 a

601 1690 966 1739 κατακεντέννυμαι.
983 1689 1148 1729 GUYET.

656 1742 733 1781 ibid
755 1742 925 1794 Αἰθίοψι)
950 1743 1030 1781 Vix
1051 1744 1157 1794 peius
1178 1743 1223 1782 de
1241 1742 1339 1781 Iove
1364 1741 1433 1781 luo
1456 1741 1609 1780 meritus
1630 1741 1682 1780 est
1706 1742 1853 1779 Home·

601 1807 668 1834 rus
689 1796 852 1848 aliquo
844 1809 880 1834 m
901 1796 1015 1841 loco,
1037 1810 1150 1848 quam
1174 1796 1215 1834 11.
1235 1800 1260 1833 A
1275 1810 1399 1848 ‚423,
1428 1795 1492 1833 ubi
1518 1794 1686 1846 Iuppiter
1712 1796 1755 1833 ad
1780 1795 1854 1833 Ae·

601 1848 708 1901 thiop
711 1863 749 1888 as
778 1848 970 1902 profectus
993 1861 1054 1889 ΧΠ
1079 1850 1220 1888 dierum
1248 1849 1428 1888 convivia
1453 1861 1539 1887 cum
1568 1849 1653 1886 illis
1663 1849 1854 1894 celebrat,

601 1864 708 1953 postp
706 1916 875 1955 quorum
891 1904 1042 1942 demum
1064 1903 1177 1941 finem
1191 1902 1342 1942 Thetidi
1360 1914 1581 1953 precaturae
1601 1902 1645 1939 ad
1666 1913 1751 1940 eum
1777 1900 1856 1939 adi-

603 1965 666 1994 tus
688 1957 919 1995 conceditur.
945 1957 1023 1994 Vix
1052 1957 1150 1995 enim
1173 1956 1211 1994 in
1236 1956 1419 1994 adulteria
1447 1956 1549 1993 lovis
1575 1953 1717 2005 saepius
1747 1955 1855 1993 inve-

603 2008 758 2054 huntur,
782 2010 930 2061 aliaque
949 2010 1028 2049 eius
1049 2010 1235 2057 facinora,
1262 2020 1364 2070 gent·
1355 2010 1420 2047 'les
1436 2010 1474 2047 &
1494 2007 1716 2054 Christiani,
1738 2021 1851 2059 quam

603 2062 688 2100 istas
714 2073 779 2101 ΧΠ
804 2063 947 2102 dierum
981 2064 1111 2115 epulas
1140 2064 1247 2101 bono
1268 2063 1353 2100 viro
1381 2063 1563 2101 invident.
1587 2061 1673 2099 Vid.
1699 2061 1855 2102 Lucian.

603 2116 650 2153 de
666 2115 792 2156 Sacris.
817 2130 849 2156 c.
875 2131 917 2161 2,
944 2116 1025 2168 Iup.
1045 2117 1163 2168 Trag.
1188 2128 1221 2155 c.
1242 2116 1466 2168 37‚Arnob.
1489 2127 1621 2154 contra
1638 2127 1766 2162 ventes
1789 2114 1852 2152 lib.

603 2168 795 2221 v1‚p.ag
823 2184 906 2222 192.
921 2170 1082 2208 Versum
1100 2171 1362 2208 hexametrum
1380 2168 1533 2217 οιαετρον
1559 2167 1763 2220 rependisse
1777 2168 1854 2206 alio

604 2222 861 2268 claudicante,
885 2223 959 2262 sme
982 2222 1112 2262 fraude
1138 2222 1263 2262 fuerit.
1293 2222 1419 2261 GnsN.
1434 2222 1520 2260 Vid.
1543 2221 1570 2260 s1
1593 2234 1734 2275 operae
1751 2221 1853 2261 vide·

607 2276 737 2323 tur‚L.
752 2277 829 2315 Bos
843 2276 934 2315 Obl.
953 2276 1046 2315 Crit.
1063 2290 1097 2329 p.
1119 2289 1201 2328 ¹29·
1217 2275 1361 2314 REITZ.

657 2331 729 2367 ead.
745 2330 767 2367 l.
785 2341 816 2380 3.
833 2329 993 2382 Ἧλίους)
1012 2329 1167 2368 Pluralis
1189 2329 1250 2368 ille
1271 2329 1382 2367 etiam
1406 2327 1548 2393 legitur
1555 2327 1653 2379 apud
1671 2326 1850 2378 Thucyd.

602 2381 700 2428 Vll,
719 2395 753 2422 c.
777 2383 843 2421 ult.
865 2396 935 2432 pro
957 2382 1060 2422 aestu
1076 2381 1235 2421 raduswe
1252 2380 1354 2421 solis
1377 2380 1404 2419 οἱ
1427 2377 1498 2420 δε(
1490 2378 1606 2426 rimor,
1631 2381 1707 2428 ait,
1727 2380 1852 2418 -mi

602 2450 646 2473 το
677 2450 810 2488 mayor
838 2435 893 2474 ἔτι
919 2436 1063 2475 ἐλύπει.
1089 2436 1167 2475 Ubi
1200 2435 1350 2474 Duker.
1374 2434 1446 2473 alia
1477 2434 1649 2484 exempla
1673 2433 1785 2478 addit,
1812 2433 1850 2470 in

604 2489 746 2542 quibus
770 2488 809 2528 δε
832 2502 902 2541 pro
923 2489 1054 2537 radiis,
1076 2489 1117 2529 δι
1140 2501 1210 2542 pro
1231 2489 1360 2529 diebus
1391 2485 1569 2542 pluralis
1561 2500 1652 2529 nmen
1675 2497 1849 2540 ponatur.
