1907 3101
7 205 9 223 l

7 230 8 243 l

7 246 8 262 l

7 333 8 365 l

7 370 8 398 l

221 198 719 282 PHILOPATMDIS
754 210 1191 263 DISSERTATIO.
1264 232 1348 286 593

103 336 107 339 .
145 288 312 338 XXXV.
336 299 461 350 Quod
488 314 586 340 vero
610 300 833 354 Aegyptum
858 301 1137 353 ὃεέουλωμένην
1160 300 1245 348 filiis
1267 313 1357 352 reli-

84 349 242 390 {turum
271 351 307 390 se
329 352 453 405 sperat
479 355 677 406 Trieplio‚
705 356 741 394 id
760 357 896 395 mirum
921 357 1038 396 alicui
1064 361 1181 400 videri
1213 377 1355 416 queat,

88 414 177 442 cum
202 406 248 444 de
260 406 468 458 Aegyptiis
490 409 635 461 imperii
653 409 821 447 Romani
845 410 1039 458 hostibus,
1069 415 1129 452 vel
1150 416 1353 460 rebellibus

89 459 246 516 potius,
272 460 312 498 in
336 461 477 500 Iuliani
508 462 663 501 historia
696 463 799 501 nulla
827 462 891 502 fiat
925 467 1082 505 mentio.
1120 467 1192 507 Sed
1217 471 1252 508 in
1276 473 1354 514 lioc'

89 510 175 562 ipso
196 513 308 551 etiam
335 515 559 566 praesidium
588 515 725 555 causae
753 529 860 555 meae
888 518 1068 558 inveniss'e
1093 522 1182 559 mihi
1206 524 1354 568 videor,

88 564 239 605 Scilicet
260 569 471 621 Aegyptii,
496 571 543 607 ab
569 570 695 608 innata
721 571 858 608 animis·
881 570 1054 619 levitate,
1084 575 1129 613 ad
1156 575 1355 621 seditiones

92 617 134 656 δᾶ
152 632 211 658 res
235 633 360 660 novas
383 623 490 661 fuere
515 622 662 675 semper
682 636 796 675 quam
818 626 983 663 maxime
1006 628 1196 677 proclives
1222 642 1259 671 1:
1283 646 1354 675 nec

90 671 296 727 postquam
324 675 537 715 Christiana
572 678 670 716 inter
694 690 762 716 eos
791 678 924 730 religio
950 680 1137 727 invaluit,
1164 687 1352 735 populare

90 731 166 769 hoc
184 728 330 786 ‘vitium
354 741 546 770 exuerunt
562 761 574 776 ,
598 744 639 769 ut
657 732 784 782 potius
806 733 898 770 hacc
919 732 996 783 ipsa
1020 734 1128 786 saepe
1150 739 1350 780 turbarum

91 793 345 834 maximarum
381 785 420 822 δι
456 783 849 836 periculosiffimarum
876 786 1137 834 occasionem,
1169 791 1353 834 innocens

89 835 321 887 tamen·ipsa
348 851 413 889 per
434 837 494 883 se,
519 839 645 876 demta
667 838 865 877 hominum
887 840 1030 878 malitia
1044 871 1054 888 ,
1081 845 1296 892 praebuerit
1318 860 1352 889 2.

88 891 232 930 Aetate
263 890 425 938 Iuliani,
458 892 640 943 inprimis.
661 892 918 935 Alexandriae
951 894 1151 945 aliquoties
1182 899 1352 951 ingentes

89 946 247 989 turbae,
270 946 401 983 caedes
424 946 536 984 etiam
563 946 602 984 δι
623 947 771 984 aedium
796 947 1123 999 expugnationes,
1146 960 1193 989 ex
1217 954 1352 995 diffen-

89 998 197 1038 fione
208 996 445 1037 Arianorum
462 1000 500 1038 δι
514 999 615 1038 reete
629 998 868 1038 sentientium
883 1028 893 1046 ‚
915 999 974 1039 sed
988 1002 1087 1041 reete
1107 1016 1185 1042 non
1204 1005 1350 1061 semper

89 1050 307 1092 viventium
329 1064 508 1098 exortae,
532 1053 699 1104 graviter
720 1053 858 1092 urbem
883 1052 984 1098 illam
1009 1055 1050 1093 δε
1076 1049 1358 1110 rempublicam*

91 1103 387 1146 concusserunt:
409 1107 454 1145 de
473 1107 610 1158 quibus
635 1119 751 1145 nemo
774 1108 918 1152 tacuit,
942 1108 1010 1160 qui
1040 1110 1085 1148 de
1104 1111 1258 1152 historia
1281 1116 1353 1155 Ec-

88 1158 290 1200 clesiastica
311 1159 465 1198 illorum
485 1172 705 1213 temporum
726 1159 867 1212 scripto
889 1160 1030 1214 aliquid
1051 1165 1268 1206 mandatum
1290 1183 1352 1210 re-

88 1214 213 1266 liquit.
233 1213 439 1253 Habentur
460 1214 575 1253 etiam
595 1213 776 1265 epistolae
797 1215 945 1266 aliquot
964 1215 1211 1267 Imperatoris
1236 1222 1352 1263 Iulia-

88 1268 127 1307 ni
158 1268 204 1307 acl
240 1268 430 1320 populum
458 1268 784 1313 Alexandrinum,
814 1268 914 1307 inter
946 1269 1095 1322 reliqua
1124 1273 1205 1313 eius
1232 1289 1351 1327 opera

89 1321 230 1368 editae,
254 1322 392 1374 quibus
417 1322 584 1373 graviter
607 1334 654 1359 ea
678 1321 723 1359 de
746 1321 860 1359 causa
882 1322 968 1360 illos
990 1324 1181 1376 obiurgat,
1207 1328 1352 1371 Proba-

88 1375 164 1414 bile
185 1376 300 1427 igitur
325 1375 402 1420 est,
434 1387 499 1414 aut
525 1374 676 1427 agitaffe
702 1374 891 1414 Iulianum
913 1375 1069 1416 consilia
1101 1379 1146 1417 de
1183 1394 1349 1436 compe-

87 1429 223 1469 scenda
247 1439 364 1482 atque
390 1429 641 1481 opprimenda
664 1429 702 1467 in
726 1440 956 1480 perpetuum
982 1431 1045 1469 illa
1069 1433 1283 1474 animorum
1305 1439 1350 1477 ad

87 1483 290 1522 seditiones
315 1483 579 1535 proclivitate,
602 1494 667 1521 aut
692 1482 892 1522 Cleolaum
914 1494 1018 1523 certe
1043 1486 1211 1537 optasse,
1231 1502 1351 1539 grave

89 1538 187 1577 adeo
209 1537 341 1589 iugum
364 1537 512 1587 imponi
535 1537 767 1588 Aegyptiis,
793 1547 835 1574 ut
862 1535 928 1575 sub
954 1537 1051 1577 illius
1074 1552 1193 1580 onere
1219 1539 1351 1596 super-

88 1591 202 1639 biae,
227 1603 276 1629 ex
299 1603 375 1642 qua
406 1590 495 1628 oriri
518 1589 598 1628 fere
625 1589 745 1628 solent
770 1591 1024 1630 contumeliae
1053 1604 1169 1645 atque
1193 1594 1357 1638 seditio-'-

89 1658 180 1692 nes,
205 1643 534 1684 obliviscerentur.
558 1643 778 1694 Quomodo
799 1654 926 1682 autem
941 1673 952 1690 ‚
976 1658 1074 1697 quae
1093 1648 1139 1687 de
1165 1650 1350 1703 Aegypto

87 1699 151 1739 hic
170 1699 374 1744 dicuntur,
391 1711 481 1737 cum
504 1697 739 1736 DoDwELLI
762 1696 944 1736 sententia
967 1698 1030 1750 (de
1047 1714 1125 1752 qua
1146 1700 1160 1750 §
1187 1715 1230 1754 ¹5
1256 1707 1352 1745 dixi„

90 1753 202 1804 mus)
230 1752 426 1792 conciliari
447 1762 613 1804 queant,
639 1764 722 1790 non
742 1751 867 1791 video.
890 1752 1134 1802 LUCIANUS,
1158 1769 1246 1796 cum
1270 1760 1350 1799 Ae*

89 1808 205 1860 gypti
220 1806 530 1859 procurationem
551 1804 616 1844 fibi
636 1805 814 1844 creditam
839 1804 953 1844 refert
976 1816 1010 1852 3,
1032 1819 1073 1846 ut
1088 1821 1246 1859 pacatae
1263 1826 1351 1861 pro.

87 1862 240 1900 vinciae
255 1861 446 1905 meminit,
468 1859 603 1899 eodem
628 1870 826 1910 tempore,
844 1871 927 1911 quo
945 1859 1012 1899 ista
1037 1860 1213 1914 scripfiffe
1238 1867 1347 1907 illum

90 1915 175 1954 vult
192 1914 492 1960 DonwELLus3
522 1913 563 1951 ὃς
584 1913 860 1952 SPARTIANUS
883 1924 924 1961 4,
947 1928 1030 1966 quo
1052 1915 1146 1955 loco
1173 1919 1349 1969 persecu-

88 1968 204 2008 tionis
227 1968 428 2007 adversum
447 1966 682 2006 Christianos
702 1967 875 2005 decretae
896 1969 1090 2016 meminit,
1115 1969 1235 2010 statim
1264 1986 1351 2026 gra-

89 2023 166 2062 tiae
194 2022 465 2074 Imperatoriae
489 2019 691 2060 adversum
716 2020 1023 2069 Alexandrinos,
1055 2022 1349 2077 Aegyptiorum

54 2095 58 2098 ·
89 2076 169 2117 fere
190 2076 358 2129 primos,
385 2075 576 2128 specimen
609 2073 742 2123 affert,
774 2074 832 2113 ius
856 2075 1079 2114 Buleutarum
1105 2078 1176 2117 illis
1203 2082 1349 2120 attribu-

138 2170 151 2191 1
189 2158 237 2190 Ita
261 2157 320 2189 sub
344 2156 446 2190 seculi
473 2157 564 2189 tertii
589 2155 689 2189 finem
749 2156 876 2189 foribus
891 2156 983 2189 civit.
1001 2156 1038 2188 L.
1053 2168 1082 2200 3,
1097 2159 1137 2191 de
1150 2159 1213 2201 his,
1228 2163 1285 2205 qui
1299 2164 1353 2196 su<

90 2203 244 2236 Achilleo
258 2202 339 2235 duce
356 2211 425 2234 tota
438 2202 507 2234 fere
519 2201 692 2244 Aegyptus
749 2213 807 2244 per
821 2202 911 2246 relig.
925 2201 960 2234 L.
976 2201 1072 2233 unica
1086 2202 1125 2236 de
1135 2202 1197 2243 his,
1211 2207 1265 2248 qui
1280 2210 1352 2250 ple„

89 2248 282 2286 rebellavit,
299 2248 338 2278 ab
353 2246 693 2290 imperatoreDiocle‘·
750 2247 822 2278 bem
839 2246 978 2285 audent,
1001 2243 1139 2290 denique
1161 2248 1198 2280 L.
1221 2261 1255 2293 3¹
1273 2278 1281 2291 ,
1307 2253 1348 2285 de

91 2293 182 2329 tiano
201 2304 236 2324 ea
249 2291 346 2323 causa
362 2291 543 2334 pervastata
554 2315 561 2328 ‚
586 2298 623 2322 ut
644 2299 692 2322 te·
750 2290 813 2331 his,
825 2302 964 2333 quorum
976 2292 1226 2333 appellationes,
1237 2306 1349 2340 magna

94 2336 193 2368 statur
214 2336 246 2368 in
264 2336 430 2368 Chronico
444 2334 604 2368 Eusebius
626 2335 691 2366 cir·
749 2334 943 2366 industria&
957 2335 1102 2367 dostrina
1117 2337 1347 2381 incomparabi-

93 2392 131 2414 ca
144 2381 183 2412 A.
205 2380 243 2411 C.
259 2390 335 2422 295.
604 2420 607 2421 ⁷
750 2379 773 2411 li
788 2377 961 2422 congeffit‚
979 2390 1062 2421 quae
1082 2379 1145 2412 hue
1158 2383 1350 2418 transcribe-2

138 2436 156 2456 2
180 2424 342 2462 videnda,
355 2434 438 2466 quae
451 2423 490 2455 de
505 2423 569 2454 hoc
587 2423 695 2466 Aegy·-
750 2435 785 2456 re
809 2423 891 2455 nihil
912 2423 1040 2455 attinet.

94 2470 239 2512 ptiorum
259 2468 390 2511 ingenio
408 2467 472 2500 Iac.
489 2466 693 2508 Gothofredus
796 2479 812 2509 3
826 2468 985 2517 Apol.pro
995 2466 1127 2499 Merced.
1143 2470 1239 2505 Cond.
1252 2483 1279 2507 c.
1294 2484 1347 2516 12,

96 2514 135 2547 ad
152 2513 235 2546 Cod.
247 2512 375 2545 Theod.
401 2511 437 2542 L.
458 2523 468 2543 1
487 2536 496 2550 ,
522 2511 561 2544 de
579 2511 693 2545 defen·
772 2513 775 2515 ’
793 2524 814 2553 4
829 2513 864 2544 In
876 2514 999 2545 bevere
1015 2522 1086 2552 cap.
1105 2522 1156 2555 17,

199 2558 342 2598 Lucina.
366 2558 442 2598 Vol.
464 2555 534 2598 IX.
1036 2553 1064 2593 P
1080 2568 1104 2609 p
