1907 3101
219 194 716 244 PHILOPATRIDIS
751 193 1190 241 DISSERTATIO.
1265 194 1359 258 567

84 283 197 325 ficiat.
232 285 347 325 Putat
368 285 469 325 enim
485 315 496 333 ,
521 285 611 339 quia
638 286 713 324 iam
740 294 828 323 ante
856 284 1010 331 Persas,
1041 285 1214 325 Arabum
1242 281 1361 336 quos-

81 338 170 378 dam
199 338 389 392 subegerit
411 340 624 385 Traianus,
652 338 835 378 Cleolaus
863 350 994 378 autem
1017 340 1075 386 ei,
1107 340 1172 392 qui
1201 339 1271 376 iam
1299 338 1361 376 vi-

81 391 170 432 &or
195 392 285 432 ess'et
312 392 532 441 Persarum,
557 393 723 433 Arabiae
746 392 1052 446 subiugationem
1081 404 1266 444 tanquam
1296 390 1361 430 fu·

81 454 208 485 turam
231 446 437 499 spondeat3
460 446 544 486 fieri
567 459 646 486 non
669 444 799 498 posse,
814 458 857 485 ut
880 448 925 487 de
936 447 1107 487 Traiano
1130 460 1173 485 ea
1190 445 1359 497 gratula-

83 500 142 538 tio
156 501 383 554 accipiatur.
404 502 512 552 Quid
528 500 555 540 fi
570 512 697 540 autem
712 500 900 546 dicamus,
918 501 1005 540 ideo
1021 502 1225 540 enimvero
1243 499 1358 551 spon-

83 553 176 592 dere
199 554 403 594 Cleolaum
418 585 430 600 ‚
455 565 498 594 ut
527 558 656 595 ΠΑΣΑ
677 553 778 605 χθὼν
809 554 1005 605 Ἀραβίας,
1038 554 1104 593 sub
1129 554 1355 607 potestatem

84 606 241 647 Traiani
260 609 471 660 redigatur,
494 609 600 661 quod
622 620 731 662 parte
748 609 830 647 eius
857 609 931 646 iam
950 607 1122 652 sabaea,
1147 607 1291 647 facilior
1308 609 1355 646 de

83 661 241 714 reliquis
260 661 341 714 spes
360 662 461 703 esset.
488 663 619 709 Haec,
643 674 685 702 ut
708 662 800 701 mihi
818 663 970 714 quidem
994 662 1171 708 videtur,
1195 662 1245 700 ita
1268 661 1354 700 sunt

84 714 309 762 manifesta,
337 727 381 755 ut
406 716 610 757 Blondello
635 715 728 770 ipsi,
752 715 780 754 si
807 716 983 765 viveret,
1003 715 1189 755 assensum
1214 726 1356 755 extor-

84 780 262 822 querent.

140 823 207 863 IX.
237 824 395 863 Haecne
425 823 563 876 igitur,
592 823 689 863 dicat
716 821 816 862 forte
845 822 1005 876 aliquis,
1033 822 1118 863 sunt
1148 821 1356 862 firmissima

84 876 151 916 illa
171 889 394 929 argumenta
409 907 419 924 ,
445 878 587 930 quibus
605 877 763 917 Traiani
790 890 891 916 aevo
913 878 1148 917 abiudicatur
1176 877 1355 929 Philopa-

83 931 176 971 tris?
204 932 410 983 Equidem,
433 944 475 970 ut
501 931 608 984 quod
629 944 688 970 res
715 930 768 970 est
790 931 910 971 fatear
925 963 935 978 ,
959 931 1016 970 his
1039 944 1234 983 nunqnam
1259 931 1352 970 milii

85 984 303 1037 persuaderi
327 984 450 1037 paffus
475 985 613 1032 ell'em,
641 996 684 1024 ut
707 997 787 1024 non
811 999 831 1024 a
859 985 978 1024 Paulli
997 986 1164 1038 quodam
1190 985 1356 1039 discipu-

86 1038 130 1079 lo
156 1039 349 1092 transfuga
378 1038 557 1091 scriptum
588 1051 776 1091 putarem.
815 1039 886 1078 Sed
909 1040 1004 1079 bene
1033 1053 1092 1079 res
1118 1039 1242 1078 habet.
1274 1039 1353 1077 Su-

86 1093 209 1144 perest
235 1105 503 1145 argumentum
528 1106 648 1133 unum
664 1122 676 1138 ,
704 1106 725 1131 a
747 1093 900 1131 nemine
916 1123 928 1138 ,
955 1095 1061 1144 quod
1087 1093 1219 1139 sciam,
1250 1093 1356 1132 adiri.

87 1147 234 1196 bitum,
262 1147 321 1186 sed
348 1149 456 1186 omni
479 1148 707 1200 exceptione
723 1176 733 1192 ,
757 1147 811 1185 uti
837 1148 1023 1195 arbitror,
1050 1148 1182 1186 maius.
1213 1147 1352 1186 Narrat

87 1201 267 1240 nimirum
288 1201 425 1241 Critias
448 1215 479 1240 c.
503 1215 565 1249 21,
586 1201 621 1240 se
636 1232 647 1249 ,
665 1213 756 1240 cum
781 1200 1001 1240 iiitert‘uiliet
1025 1201 1276 1240 deliramentis
1296 1211 1355 1239 at-

86 1268 165 1306 que
189 1256 298 1294 vanis
325 1255 647 1307 praedietionibus
673 1253 957 1307 Sophistarum,
983 1256 1032 1293 ita
1058 1255 1279 1294 sententiam
1306 1255 1354 1294 de

86 1308 159 1349 illis
186 1308 342 1350 dixisse:
368 1312 473 1347 κατὰ
492 1309 560 1358 μὲν
579 1311 633 1348 τὰ,
652 1307 913 1360 Ἀριστάνέρου
936 1309 996 1346 καὶ
1015 1312 1354 1356 ΑΡΤΕΜΙΔΩΡΟΤ,

87 1359 129 1402 οὗ
151 1363 276 1402 καλῶς
301 1359 704 1407 ἁποβῆσονταιταῧτά,
725 1377 774 1415 ’γε
798 1364 852 1399 τὸ,
876 1361 1030 1401 ἐνύπνια
1054 1362 1088 1402 ἐν
1108 1359 1212 1411 ὑμῖν,
1238 1361 1276 1400 ὅ(
1294 1375 1354 1401 re-

88 1416 206 1469 liqua.
228 1417 333 1469 Quis
356 1429 434 1454 non
456 1418 582 1464 videt,
607 1418 949 1455 ARTEMIDORUM
969 1415 1245 1467 ὃνειροκριτικῶν
1264 1415 1356 1454 scri-

86 1482 240 1524 ptorem
266 1468 492 1522 significari?
523 1471 570 1509 Et
595 1482 642 1508 ne
665 1470 905 1516 dubitemus,
933 1482 1003 1509 nec
1023 1469 1205 1509 infartum
1224 1469 1273 1508 ab
1299 1470 1356 1508 in-

87 1525 325 1577 terpolatore
349 1524 480 1576 aliquo
510 1524 745 1563 Artemidori
775 1536 919 1562 nomen
945 1521 1200 1576 suspicemur,
1234 1523 1354 1575 paulo

88 1579 176 1632 post
207 1579 442 1630 interrogat:
478 1572 514 1616 οὗ
541 1580 648 1616 κατὰ
673 1576 924 1629 Ἀρίστανὲρον
949 1580 1009 1616 τὸν
1036 1579 1256 1626 Teanam,
1285 1577 1351 1615 καὶ

88 1636 410 1672 ΑΡΤΕΜΙΔΩΙὈΝ
434 1634 496 1670 τὴν
520 1635 710 1670 ΕΦΕΣΙΟΝ
739 1631 950 1683 ἐξίχνευσοι
970 1630 1049 1670 τοῖς
1077 1631 1266 1682 ὀνείρασιν,
1287 1631 1352 1670 De

89 1686 167 1738 ipsa
186 1700 251 1732 re,
272 1686 299 1725 s1
323 1686 411 1738 quis
437 1684 538 1725 forte
560 1686 727 1738 requirat
741 1715 751 1732 ‚
773 1686 1058 1723 ARTEMIDORI
1085 1684 1223 1730 huius,
1246 1697 1288 1723 ut
1311 1685 1353 1723 δι

91 1742 464 1784 ASTRAMPSYCHI,
486 1739 604 1779 verba
627 1740 664 1777 in
687 1740 790 1778 notis
811 1738 932 1790 posita
956 1737 1054 1777 sunt.
1087 1739 1163 1778 Hic
1188 1739 1278 1777 iilud
1298 1750 1357 1777 te-

91 1795 260 1834 nendum
274 1825 284 1841 ‚
307 1795 413 1847 quod
429 1793 491 1832 hic
516 1794 842 1833 ARTEMIDORUS
867 1792 1072 1831 Epnnsms
1088 1822 1100 1837 ,
1120 1792 1205 1845 (qui
1227 1803 1356 1831 tamen

92 1848 326 1889 Daldianum
347 1847 382 1886 se
413 1847 489 1886 dici
519 1848 676 1893 maluit,
708 1858 750 1885 ut
777 1847 993 1885 nobilitaret
1015 1846 1224 1898 oppidum,
1256 1847 1357 1885 unde

94 1915 309 1943 maternum
332 1913 454 1953 genus
475 1902 670 1948 trahebat,
691 1899 887 1940 obscurius
904 1898 1043 1952 absque
1062 1900 1137 1939 hoc
1160 1899 1355 1952 futurum)

92 1956 251 1997 testatur
278 1956 382 2008 ipse,
408 1966 419 1987 1
460 1954 495 1994 se
529 1954 635 1994 noffe
670 1955 869 1999 homines,
897 1954 963 2006 qui
995 1954 1156 1992 vixerint
1181 1954 1356 1993 Antoni-

93 2012 133 2051 ni
158 2010 212 2049 Pii
229 2009 491 2061 temporibus,
513 2010 581 2062 qui
604 2007 792 2048 succeffor
814 2007 883 2047 fuit
907 2008 1110 2053 Hadriani,
1133 2018 1220 2047 ante
1266 2020 1355 2046 uem

94 2065 285 2105 Traianus
307 2064 521 2116 imperavit.
548 2064 673 2102 Huius
695 2075 792 2101 vero
825 2063 922 2100 inter
944 2061 1145 2100 νὶὲὶοτίειη]
1170 2022 1357 2101 Periicam

99 2120 140 2159 &
158 2118 347 2157 Antonini
371 2118 476 2156 initia
503 2128 603 2156 XXX
623 2117 824 2155 minimum
852 2116 940 2154 anni
961 2115 1258 2155 intercesserunt.
1282 2116 1359 2154 Ne-

97 2185 165 2212 mo
185 2173 300 2224 igitur
324 2170 392 2210 sub
407 2171 576 2211 Traiano
600 2170 784 2222 scriptum
810 2169 1061 2221 Philopatrida
1083 2169 1202 2220 potest
1225 2168 1360 2208 affere-

97 2240 165 2272 re,
194 2225 263 2264 nisi
285 2226 352 2278 qui
380 2225 600 2270 crediderit,
623 2224 777 2276 triginta
799 2224 904 2262 annis
923 2234 1010 2262 ante
1026 2254 1037 2271 ‚
1063 2236 1177 2273 quam
1200 2222 1359 2274 scriptus

97 2279 144 2322 fit
172 2279 287 2326 liber,
314 2293 403 2318 eum
434 2278 537 2331 poffe
565 2278 729 2330 allegari.
764 2277 899 2329 Quin,
925 2289 1016 2315 cum
1036 2277 1129 2315 nihii
1154 2277 1253 2315 aliud
1277 2277 1359 2316 col-

98 2333 164 2386 ligi
196 2346 314 2386 queat
341 2346 390 2372 ex
427 2332 665 2372 Artemidori
696 2332 824 2371 verbis
843 2361 853 2379 ,
884 2343 1000 2382 quam
1032 2343 1146 2369 notos
1179 2330 1230 2369 illi
1256 2328 1362 2369 fuisse

99 2387 295 2435 Athletas,
317 2388 383 2438 qui
405 2385 644 2426 interfuerint
667 2386 765 2425 ludis
782 2384 1129 2437 quinquennalibus
1151 2384 1241 2430 illis,
1263 2397 1363 2435 quos

149 2469 161 2490 1
184 2457 221 2491 L·
242 2469 270 2497 1,
298 2470 368 2501 cap.
388 2460 442 2496 28,
459 2470 530 2502 pag.
544 2457 597 2496 26,
618 2457 650 2489 &
670 2469 701 2490 c.
762 2466 815 2488 tur
832 2468 849 2487 a
861 2455 933 2487 Nic.
947 2454 1088 2499 Rigaltio
1103 2453 1136 2486 in
1153 2455 1239 2488 notis
1254 2453 1295 2486 ad.
1313 2452 1364 2484 in-

103 2502 166 2544 64,
189 2514 262 2548 pag.
281 2512 332 2546 55.
359 2503 455 2546 Quae
477 2504 551 2538 loca
563 2504 707 2548 allegari·
761 2500 985 2547 scriptionem.

995 2543 1125 2593 Νῆις
